Datum;ID;Marke;Name;Preis;Gewicht
2025-09-06;8016049;ja!;Ja! Cappuccino weniger süß 200g;229;200g (1 kg = 11,45 €)
2025-09-06;7225094;ja!;Ja! Cashewkerne Pikant 150g;249;150g (1 kg = 16,60 €)
2025-09-06;9106856;ja!;Mineralwasser Medium 9x0,5l;135;9x0,50l (1 l = 0,30 €)
2025-09-06;9603293;ja!;ja Mini Cabanossi 250g;289;250g (1 kg = 11,56 €)
2025-09-06;7583310;ja!;ja! 5-Fruchtcocktail leicht gezuckert 410g;149;250g (1 kg = 5,96 €)
2025-09-06;8397514;ja!;ja! 6 Kartoffel Knödel halb & halb 200g;99;200g (1 kg = 4,95 €)
2025-09-06;397387;ja!;ja! Aceto Balsamico di Modena 500ml;169;500ml (1 l = 3,38 €)
2025-09-06;8681729;ja!;ja! Activ-Schorle Pfirsich-Melonengeschmack 0,75l;59;0,75l (1 l = 0,79 €)
2025-09-06;8682693;ja!;ja! Activ-Schorle Pfirsich-Melonengeschmack 6x0,75l;354;6x0,75l (1 l = 0,79 €)
2025-09-06;8487700;ja!;ja! Aktenhüllen für DIN A4 25 Stück;259;25 Stück
2025-09-06;8867817;ja!;ja! Aktiv Drink Granatapfel 8x100g;199;8x100g (1 kg = 2,49 €)
2025-09-06;8868318;ja!;ja! Aktiv Drink Multifrucht 8x100g;199;8x100g (1 kg = 2,49 €)
2025-09-06;7723314;ja!;ja! Aktivdrink Erdbeere 8x100g;199;8x100g (1 kg = 2,49 €)
2025-09-06;8593786;ja!;ja! Allzweckreiniger Lemon 1l;95;1l
2025-09-06;7898831;ja!;ja! Allzweckreiniger Ocean 1l;95;1l
2025-09-06;6790127;ja!;ja! Alpenvollmilch Haselnuss Schokolade 100g;99;100g (1 kg = 9,90 €)
2025-09-06;7938726;ja!;ja! Alpenvollmilch Schokolade Traube Nuss 100g;129;100g (1 kg = 12,90 €)
2025-09-06;6790143;ja!;ja! Alpenvollmilch-Schokolade 100g;99;100g (1 kg = 9,90 €)
2025-09-06;2105247;ja!;ja! Alufolie 50m;292;50m (1 m  = 0,06 €)
2025-09-06;8597281;ja!;ja! American Dressing 250ml;99;250ml (1 l = 3,96 €)
2025-09-06;5351065;ja!;ja! American Sandwich 750g;109;750g (1 kg = 1,45 €)
2025-09-06;8548385;ja!;ja! Ananas ganze Scheiben in eigenem Saft 340g;179;340g (1 kg = 5,26 €)
2025-09-06;8554014;ja!;ja! Ananasstücke in eigenem Saft 340g;179;340g (1 kg = 5,26 €)
2025-09-06;8902707;ja!;ja! Antipasti Teller 210g;279;210g (1 kg = 13,29 €)
2025-09-06;8952529;ja!;ja! Antipasticreme Kirsch-Paprika 150g;159;150g (1 kg = 10,60 €)
2025-09-06;9939566;ja!;ja! Anzünd-Würfel 64Stück;179;64 Stück
2025-09-06;8600224;ja!;ja! Anzündwürfel 64 Stück;179;64 Stück
2025-09-06;8676608;ja!;ja! Anzündwürfel aus Naturholz und Wachs 32 Stück;95;32 Stück
2025-09-06;518751;ja!;ja! Apelschorle 1,5l;119;1,50l (1 l = 0,79 €)
2025-09-06;2394739;ja!;ja! Apfel Holunder Schorle 6x0,5l;270;6x0,50l (1 l = 0,90 €)
2025-09-06;2394743;ja!;ja! Apfel Rhabarber Schorle 6x0,5l;270;6x0,50l (1 l = 0,90 €)
2025-09-06;7776564;ja!;ja! Apfel Streuselkuchen 1250g;499;1250g (1 kg = 3,99 €)
2025-09-06;2394735;ja!;ja! Apfel-Holunderblüte Erfrischungsgetränk 0,5l;45;0,50l (1 l = 0,90 €)
2025-09-06;3026485;ja!;ja! Apfelmus 710g;99;710g (1 kg = 1,39 €)
2025-09-06;8602177;ja!;ja! Apfelnektar 1,5l;159;1,50l (1 l = 1,06 €)
2025-09-06;7892514;ja!;ja! Apfelnektar 6x1,5l;954;6x1,50l (1 l = 1,06 €)
2025-09-06;8595513;ja!;ja! Apfelsaft 1l;109;1l
2025-09-06;7898682;ja!;ja! Apfelsaft 6x1l;654;6x1l (1 l = 1,09 €)
2025-09-06;518565;ja!;ja! Apfelschorle 0,5l;45;0,50l (1 l = 0,90 €)
2025-09-06;520322;ja!;ja! Apfelschorle 6x0,5l;270;6x0,50l (1 l = 0,90 €)
2025-09-06;520330;ja!;ja! Apfelschorle 6x1,5l;714;6x1,50l (1 l = 0,79 €)
2025-09-06;9205040;ja!;ja! Apfelstrudel 2x300g;219;2x300g (1 kg = 3,65 €)
2025-09-06;7951836;ja!;ja! Arrabiata Sauce 400ml;145;400ml (1 l = 3,63 €)
2025-09-06;8866512;ja!;ja! Atkivdrink Klassik 8x100g;199;8x100g (1 kg = 2,49 €)
2025-09-06;8361527;ja!;ja! Ayran 250ml;49;250ml (1 l = 1,96 €)
2025-09-06;8626092;ja!;ja! Back-Camembert 300g;259;300g (1 kg = 8,63 €)
2025-09-06;8543757;ja!;ja! Backcamembert mit Wild-Preiselbeerdip 350g;299;350g (1 kg = 8,54 €)
2025-09-06;2236174;ja!;ja! Backfertiger Pizzateig mit Sauce 600g;199;600g (1 kg = 3,32 €)
2025-09-06;8633310;ja!;ja! Backfisch Stäbchen 15 Stück 405g;249;405g (1 kg = 6,15 €)
2025-09-06;7218643;ja!;ja! Backpapier Rolle 20m;159;20m (1 m = 0,08 €)
2025-09-06;1317360;ja!;ja! Backpapierzuschnitte 30 Stück;95;30 Stück
2025-09-06;1478263;ja!;ja! Backpulver 10x15g;59;10x15g (1 kg = 3,93 €)
2025-09-06;130082;ja!;ja! Bacon Mais-Reis-Snack Schinkengeschmack 125g;109;125g (1 kg = 8,72 €)
2025-09-06;7955686;ja!;ja! Bacon in Streifen 250g;279;250g (1 kg = 11,16 €)
2025-09-06;7878218;ja!;ja! Bacon-Ei Sandwich 160g;199;160g (1 kg = 12,44 €)
2025-09-06;8591851;ja!;ja! Badreiniger Lemon 1l;95;1l
2025-09-06;8556568;ja!;ja! Bagels mit Sesam 340g;189;340g (1 kg = 5,56 €)
2025-09-06;9024550;ja!;ja! Baguette Schinken 125g;299;6x125g (1 kg = 3,99 €)
2025-09-06;8940948;ja!;ja! Baguette Tomate Mozzarella 6x125g;299;6x125g (1 kg = 3,99 €)
2025-09-06;5353157;ja!;ja! Baguettebrötchen 300g, 6 Stück;69;300g (1 kg = 2,30 €)
2025-09-06;8452565;ja!;ja! Bami Goreng 750g;349;750g (1 kg = 4,65 €)
2025-09-06;455217;ja!;ja! Banane ca. 200g;26;1 Stück ca. 200 g (1 kg = 1,29 €)
2025-09-06;8021806;ja!;ja! Barbecue Sauce 250ml;89;250ml (1 l = 3,56 €)
2025-09-06;8727809;ja!;ja! Basilikum gerebelt 15g;85;15g (1 kg = 56,67 €)
2025-09-06;7087342;ja!;ja! Basmati Reis 1kg;299;1000g
2025-09-06;7770353;ja!;ja! Batterien AA 8 Stück;125;8 Stück
2025-09-06;7771152;ja!;ja! Batterien AAA 8 Stück;125;8 Stück
2025-09-06;8783945;ja!;ja! Batterien Akku AAA 4 Stück;499;4 Stück
2025-09-06;8255692;ja!;ja! Bauchspeck geräuchert 2 Scheiben 300g;279;300g (1 kg = 9,30 €)
2025-09-06;5350522;ja!;ja! Bauernbrot Schnitten 500g;89;500g (1 kg = 1,78 €)
2025-09-06;7009615;ja!;ja! Bayerischer Leberkäse 400g;349;400g (1 kg = 8,73 €)
2025-09-06;8427547;ja!;ja! Becherset 3 Stück;299;3 Stück
2025-09-06;8356249;ja!;ja! Becherset 6er;249;1 Stück
2025-09-06;2317794;ja!;ja! Beeren-Mischung 750g;299;750g (1 kg = 3,99 €)
2025-09-06;1042260;ja!;ja! Belegkirschen 100g;139;100g (1 kg = 13,90 €)
2025-09-06;8053256;ja!;ja! Bergkäse am Stück 250g;285;250g (1 kg = 11,40 €)
2025-09-06;8356552;ja!;ja! Besteckset 18-teilig;249;1 Stück
2025-09-06;8403753;ja!;ja! Biokompostbeutel 10l 20 Stück;149;20 Stück
2025-09-06;7693369;ja!;ja! Biscuits 172g;149;172g (1 kg = 8,66 €)
2025-09-06;7624359;ja!;ja! Biskuit Tortenboden 250g;179;250g (1 kg = 7,16 €)
2025-09-06;518190;ja!;ja! Bitter Lemon 1,5l;75;1,50l (1 l = 0,50 €)
2025-09-06;518611;ja!;ja! Bitter Lemon 6x1,5l;450;6x1,50l (1 l = 0,50 €)
2025-09-06;7878963;ja!;ja! Blattsalat Mix 150g;69;150g (1 kg = 4,60 €)
2025-09-06;8766834;ja!;ja! Blattspinat 1kg;239;1000g
2025-09-06;7970387;ja!;ja! Bleistifte mit Radierer 4 Stück;69;4 Stück
2025-09-06;7067903;ja!;ja! Blumenkohl tiefgefroren 1kg;239;1000g
2025-09-06;7907373;ja!;ja! Blätterteig 275g;99;275g (1 kg = 3,60 €)
2025-09-06;7845762;ja!;ja! Blütenhonig cremig streichzart 500g;249;500g (1 kg = 4,98 €)
2025-09-06;8676858;ja!;ja! Blütenhonig flüssig 500g;249;500g (1 kg = 4,98 €)
2025-09-06;7845005;ja!;ja! Blütenhonig zart-fließend 500g;239;500g (1 kg = 4,78 €)
2025-09-06;843202;ja!;ja! Bockwurst in Eigenhaut 250g, 5 Stück;229;250g (1 kg = 9,16 €)
2025-09-06;6195873;ja!;ja! Bockwürstchen in zarter Eigenhaut 360g, 8 Stück;329;360g (1 kg = 9,14 €)
2025-09-06;7613331;ja!;ja! Bolognese Sauce 400ml;145;400ml (1 l = 3,63 €)
2025-09-06;6539912;ja!;ja! Bordelaise Schlemmer-Filet 400g;249;400g (1 kg = 6,23 €)
2025-09-06;8389973;ja!;ja! Brat- und Grilltaler mit Gouda 4 Stück 280g;254;280g (1 kg = 9,07 €)
2025-09-06;7941645;ja!;ja! Bratheringsfilets in würziger Marinade MSC 200g;199;200g (1 kg = 9,95 €)
2025-09-06;8540029;ja!;ja! Bratkarotffeln mit Speck und Zwiebeln 400g;149;400g (1 kg = 3,73 €)
2025-09-06;9976390;ja!;ja! Bratkartoffeln mit Speck & Zwiebeln 500g;179;500g
2025-09-06;7933793;ja!;ja! Bratkartoffeln mit Zwiebel 400g;149;400g (1 kg = 3,73 €)
2025-09-06;7856044;ja!;ja! Bratkartoffelpfanne 600g;299;600g (1 kg = 4,98 €)
2025-09-06;7084985;ja!;ja! Brechbohnen 1000g;239;1000g
2025-09-06;7264938;ja!;ja! Brechbohnen 360g;99;360g (1 kg = 2,75 €)
2025-09-06;8601123;ja!;ja! Brenn-Spiritus 1l;299;1l
2025-09-06;7156260;ja!;ja! Brie 200g;199;200g (1 kg = 9,95 €)
2025-09-06;8288182;ja!;ja! Briefumschläge C6 ohne Fenster 100 Stück;399;100 Stück
2025-09-06;8290217;ja!;ja! Briefumschläge DIN C6 100 Stück Ohne Fenster;399;100 Stück
2025-09-06;8289473;ja!;ja! Briefumschläge DIN lang selbstklebend ohne Fenster 50 Stück;239;50 Stück
2025-09-06;8088095;ja!;ja! Briefumschläge mit Fenster DIN lang 50 Stück;239;50 Stück
2025-09-06;8400076;ja!;ja! Brillen-Putztücher 54 Stück;85;54 Stück
2025-09-06;7073900;ja!;ja! Broccoli Röschen tiefgefroren 1kg;239;1000g
2025-09-06;7610950;ja!;ja! Brokkoli-Gratin 400g;269;400g (1 kg = 6,73 €)
2025-09-06;8291795;ja!;ja! Brot-Backmischung Roggenmischbrot 1kg;129;1kg
2025-09-06;8292793;ja!;ja! Brot-Backmischung Sonnenblumen-Brot 1kg;129;1kg
2025-09-06;2424695;ja!;ja! Brotaufstrich Alaska-Seelachs 150g;129;150g (1 kg = 8,60 €)
2025-09-06;8963612;ja!;ja! Brotchips Tomate-Olive 250g;179;250g (1 kg = 7,16 €)
2025-09-06;9970505;ja!;ja! Brunchmix Weizenbrötchen zum Fertigbacken 540g 6 Stück;129;540g (1 kg = 2,39 €)
2025-09-06;7623986;ja!;ja! Buchstabensuppe vegan 750ml;59;750ml
2025-09-06;8929423;ja!;ja! Bunte Eier 10 Stück;249;10 Stück
2025-09-06;9074580;ja!;ja! Bunte Gemüsemischung 1kg;239;1000g
2025-09-06;5349664;ja!;ja! Butter-Toastbrot 500g;79;500g (1 kg = 1,58 €)
2025-09-06;8633128;ja!;ja! Butterbrot Tüten 100 Stück;145;100 Stück
2025-09-06;5960010;ja!;ja! Buttergemüse mit feiner Butter-Kräuter-Sauce 300g;109;300g (1 kg = 3,63 €)
2025-09-06;79949;ja!;ja! Butterkekse 400g;199;400g (1 kg = 4,98 €)
2025-09-06;2057494;ja!;ja! Butterkäse 400g;299;400g (1 kg = 7,48 €)
2025-09-06;8361648;ja!;ja! Buttermilch Dessert Erdbeer-Vanille 200g;65;200g (1 kg = 3,25 €)
2025-09-06;8361351;ja!;ja! Buttermilch Dessert Kirsch-Vanille 200g;65;200g (1 kg = 3,25 €)
2025-09-06;8361052;ja!;ja! Buttermilch Dessert Zitrone-Limette 200g;65;200g (1 kg = 3,25 €)
2025-09-06;8882589;ja!;ja! Buttermilch Zitrone Hörnchen 6x120ml;219;6x120ml (1 l = 3,04 €)
2025-09-06;8990127;ja!;ja! Butterspritzgebäck 400g;259;400g (1 kg = 6,48 €)
2025-09-06;8033284;ja!;ja! CO₂ Füllung 60l;555;1 Stück
2025-09-06;8985930;ja!;ja! Cabanossi 300g;265;300g (1 kg = 8,83 €)
2025-09-06;7689955;ja!;ja! Cafe Crema 40 Pads, 280g;539;280g (1 kg = 19,25 €)
2025-09-06;2464563;ja!;ja! Caffè Crema Ganze Bohnen 1kg;1399;1000g
2025-09-06;2591295;ja!;ja! Caffè Gustoso Ganze Bohnen Arabica-Robusta-Mischung 1kg;1299;1000g
2025-09-06;7076962;ja!;ja! Cannelloni Vier Käse mit Spinatfüllung 400g;199;400g (1 kg = 4,98 €)
2025-09-06;8014425;ja!;ja! Cappuccino Classic 200g;229;200g (1 kg = 11,45 €)
2025-09-06;2311667;ja!;ja! Cashew-Erdnuss-Mix Honig & Salz 200g;249;200g (1 kg = 12,45 €)
2025-09-06;2169511;ja!;ja! Cashewkerne geröstet & gesalzen 150g;249;150g (1 kg = 16,60 €)
2025-09-06;8889713;ja!;ja! Cashewkerne geröstet & ungesalzen 150g;249;150g (1 kg = 16,60 €)
2025-09-06;3150583;ja!;ja! Cashewkerne natur 200g;299;200g (1 kg = 14,95 €)
2025-09-06;8787703;ja!;ja! Cerealien Creamy Bits 500g;249;500g (1 kg = 4,98 €)
2025-09-06;8789204;ja!;ja! Cerealien White Wheaties 600g;249;600g (1 kg = 4,15 €)
2025-09-06;7617929;ja!;ja! Cevapcici aus Rindfleisch 400g;499;400g (1 kg = 12,48 €)
2025-09-06;8339719;ja!;ja! Cevapcici für Pfanne und Grill 1kg;999;1000g
2025-09-06;6697100;ja!;ja! Cevapcici mit Gemüse und Reis 300g;199;300g (1 kg = 6,63 €)
2025-09-06;8533461;ja!;ja! Ceylon Indien 87,5g, 50 Beutel;99;87,50g (1 kg = 11,31 €)
2025-09-06;7675962;ja!;ja! Champignon Baguette 6x125g;299;6x125g (1 kg = 3,99 €)
2025-09-06;2871874;ja!;ja! Champignons 1. Wahl 230g;139;230g (1 kg = 6,04 €)
2025-09-06;923266;ja!;ja! Champignons 1. Wahl in Scheiben 170g;99;170g (1 kg = 5,82 €)
2025-09-06;2871971;ja!;ja! Champignons dritte Wahl geschnitten 170g;79;170g (1 kg = 4,65 €)
2025-09-06;8851644;ja!;ja! Cheeseburger Chicken 2 Stück 320g;279;320g (1 kg = 8,72 €)
2025-09-06;8848649;ja!;ja! Cheeseburger Schwein 2 Stück 320g;279;320g (1 kg = 8,72 €)
2025-09-06;8614834;ja!;ja! Chicken Burger 400g;349;400g (1 kg = 8,73 €)
2025-09-06;8370536;ja!;ja! Chicken Nuggets 1000g;699;1000g
2025-09-06;8374622;ja!;ja! Chicken Nuggets 300g;249;300g (1 kg = 8,30 €)
2025-09-06;2198265;ja!;ja! Chicken Nuggets 500g;399;500g (1 kg = 7,98 €)
2025-09-06;8521365;ja!;ja! Chicken Wings Hot Style 750g;449;750g (1 kg = 5,99 €)
2025-09-06;8560300;ja!;ja! Chicken Wings Mild 750g;449;750g (1 kg = 5,99 €)
2025-09-06;8621778;ja!;ja! Chicken Wrap Bombay Style 190g;199;190g (1 kg = 10,47 €)
2025-09-06;2270557;ja!;ja! Chili con Carne mit Schweinefleisch 800g;249;800g (1 kg = 3,11 €)
2025-09-06;7787649;ja!;ja! Chili-Cheese Nuggets 250g;219;250g (1 kg = 8,76 €)
2025-09-06;7895170;ja!;ja! Chiliflocken 35g;149;35g (1 kg = 42,57 €)
2025-09-06;8401019;ja!;ja! Chilisauce mit Paprika 250ml;89;250ml (1 l = 3,56 €)
2025-09-06;891922;ja!;ja! Choco Chips 750g;249;750g (1 kg = 3,32 €)
2025-09-06;1042250;ja!;ja! Citronat 100g;59;100g (1 kg = 5,90 €)
2025-09-06;9044071;ja!;ja! Cocktail Sauce 250ml;89;250ml (1 l = 3,56 €)
2025-09-06;7602166;ja!;ja! Cola 0,33l;39;0,33l (1 l = 1,18 €)
2025-09-06;518727;ja!;ja! Cola 6x1,5l;390;6x1,50l (1 l = 0,43 €)
2025-09-06;975768;ja!;ja! Cola Mix 1,5l;65;1,50l (1 l = 0,43 €)
2025-09-06;7602976;ja!;ja! Cola Zero 0,33l;39;0,33l (1 l = 1,18 €)
2025-09-06;905192;ja!;ja! Cola ohne Zucker 1,5l;65;1,50l (1 l = 0,43 €)
2025-09-06;905749;ja!;ja! Cola ohne Zucker 6x1,5l;390;6x1,50l (1 l = 0,43 €)
2025-09-06;975919;ja!;ja! Cola-Mix 0% Zucker 1,5l;65;1,50l (1 l = 0,43 €)
2025-09-06;975927;ja!;ja! Cola-Mix 0% Zucker 6x1,5l;390;6x1,50l (1 l = 0,43 €)
2025-09-06;975903;ja!;ja! Cola-Mix 6x1,5l;390;6x1,50l (1 l = 0,43 €)
2025-09-06;7175263;ja!;ja! Colorwaschmittel 2,02kg, 30WL;469;2025g (1 kg = 2,32 €)
2025-09-06;8182885;ja!;ja! Colorwaschmittel flüssig 1,1l 20WL;315;1,10l (1 l = 2,86 €)
2025-09-06;2857422;ja!;ja! Condimento Bianco 500ml;169;500ml (1 l = 3,38 €)
2025-09-06;8493667;ja!;ja! Cookies American Style Chocolate Chip 225g;149;225g (1 kg = 6,62 €)
2025-09-06;7939890;ja!;ja! Cookies American Style Double Chocolate 225g;149;225g (1 kg = 6,62 €)
2025-09-06;2134122;ja!;ja! Cornflakes 500g;145;500g (1 kg = 2,90 €)
2025-09-06;7800570;ja!;ja! Cornichons mit Chili 190g;99;190g (1 kg = 5,21 €)
2025-09-06;8750660;ja!;ja! Cornichons mit Honig 350g;99;190g (1 kg = 5,21 €)
2025-09-06;8693856;ja!;ja! Cornichons mit Kräutern 190g;99;190g (1 kg = 5,21 €)
2025-09-06;342931;ja!;ja! Cornichons süß-sauer 370g;129;370g (1 kg = 3,49 €)
2025-09-06;2325016;ja!;ja! Cranberries 200g;199;200g (1 kg = 9,95 €)
2025-09-06;8514434;ja!;ja! Creamy Cheese Dip 290ml;139;290ml (1 l = 4,79 €)
2025-09-06;8897284;ja!;ja! Creamy Cookies 154g;99;154g (1 kg = 6,43 €)
2025-09-06;8582061;ja!;ja! Creme Kirsche 500g;159;500g (1 kg = 3,18 €)
2025-09-06;8214642;ja!;ja! Cremiger Camembert 250g;259;250g (1 kg = 10,36 €)
2025-09-06;8311334;ja!;ja! Criss Cross Pommes pikant gewürzt 600g;199;600g (1 kg = 3,32 €)
2025-09-06;8475479;ja!;ja! Croissants 340g;159;340g (1 kg = 4,68 €)
2025-09-06;8444108;ja!;ja! Crème Fraîche Classic 30% Fett 200g;109;200g (1 kg = 5,45 €)
2025-09-06;8445118;ja!;ja! Crème Fraîche mit Kräutern 200g;109;200g (1 kg = 5,45 €)
2025-09-06;8443313;ja!;ja! Crème leicht 14,5% Fett 200g;109;200g (1 kg = 5,45 €)
2025-09-06;9918039;ja!;ja! Cuorino 225g;199;225g (1 kg = 8,84 €)
2025-09-06;8074238;ja!;ja! Curly Fries pikant gewürzt 600g;199;600g (1 kg = 3,32 €)
2025-09-06;2788275;ja!;ja! Curry Gemahlen 45g;85;45g (1 kg = 18,89 €)
2025-09-06;7618595;ja!;ja! Curry Gewürzketchup 875ml;199;875ml (1 l = 2,27 €)
2025-09-06;2538615;ja!;ja! Currywurst 220g;139;220g (1 kg = 6,32 €)
2025-09-06;8973540;ja!;ja! Delikatess Bierschinken 150g;129;150g (1 kg = 8,60 €)
2025-09-06;8243243;ja!;ja! Delikatess Edelsalami mild geräuchert 150g;169;150g (1 kg = 11,27 €)
2025-09-06;9954278;ja!;ja! Delikatess Fleischsalat 400g;169;400g (1 kg = 4,23 €)
2025-09-06;9861900;ja!;ja! Delikatess Geflügel Bierschinken 150g;129;150g (1 kg = 8,60 €)
2025-09-06;8327635;ja!;ja! Delikatess Heringssalat mit Roter Bete, Gurke und Apfel 250g;129;250g (1 kg = 5,16 €)
2025-09-06;8049651;ja!;ja! Delikatess Mini Wiener Geflügel Würstchen 2x160g;259;2x160g (1 kg = 8,09 €)
2025-09-06;7018624;ja!;ja! Delikatess Mini-Salami 4x25g;155;4x25g (1 kg = 15,50 €)
2025-09-06;7105686;ja!;ja! Delikatess Sauce zu Braten 3er Pack 20g;69;3x20g (1 kg = 11,50 €)
2025-09-06;2888667;ja!;ja! Delikatess Teewurst fein 125g;149;125g (1 kg = 11,92 €)
2025-09-06;961733;ja!;ja! Delikatess-Bacon 100g;139;100g (1 kg = 13,90 €)
2025-09-06;6387896;ja!;ja! Delikatess-Bierwurst 200g;119;200g (1 kg = 5,95 €)
2025-09-06;6445640;ja!;ja! Delikatess-Cervelatwurst 200g;179;200g (1 kg = 8,95 €)
2025-09-06;2087491;ja!;ja! Delikatess-Hähnchenbrustfilet 150g;249;150g (1 kg = 16,60 €)
2025-09-06;1215356;ja!;ja! Delikatess-Hähnchenbrustfilet gepökelt, gebacken 100g;149;100g (1 kg = 14,90 €)
2025-09-06;7009798;ja!;ja! Delikatess-Kochschinken 200g;159;200g (1 kg = 7,95 €)
2025-09-06;946509;ja!;ja! Delikatess-Krustenbraten 100g;159;100g (1 kg = 15,90 €)
2025-09-06;4724488;ja!;ja! Delikatess-Lachsschinken 100g;169;100g (1 kg = 16,90 €)
2025-09-06;1326612;ja!;ja! Delikatess-Leichtschinken fettreduziert 150g;259;150g (1 kg = 17,27 €)
2025-09-06;1162962;ja!;ja! Delikatess-Mayonnaise 500ml;159;500ml (1 l = 3,18 €)
2025-09-06;2120334;ja!;ja! Delikatess-Pfefferbeißer 300g;359;300g (1 kg = 11,97 €)
2025-09-06;6445667;ja!;ja! Delikatess-Salami 200g;179;200g (1 kg = 8,95 €)
2025-09-06;4832060;ja!;ja! Delikatess-Würstchen 200g;149;200g (1 kg = 7,45 €)
2025-09-06;8765199;ja!;ja! Dental Snacks 7 Stück;79;250g (1 kg = 3,16 €)
2025-09-06;7961361;ja!;ja! Dinkel Hörnchen 500g;129;500g (1 kg = 2,58 €)
2025-09-06;8494755;ja!;ja! Dinkel Spaghetti 500g;129;500g (1 kg = 2,58 €)
2025-09-06;8224543;ja!;ja! Dinkelmehl Typ 630 1kg;109;1kg
2025-09-06;8372201;ja!;ja! Dino & Friends Hähnchenbrustfilet 400g;329;400g (1 kg = 8,23 €)
2025-09-06;2859404;ja!;ja! Donauwelle 500g;349;500g (1 kg = 6,98 €)
2025-09-06;5879736;ja!;ja! Doppelkeks 500g;179;500g (1 kg = 3,58 €)
2025-09-06;8600176;ja!;ja! Dressing Knoblauch 250ml;99;250ml
2025-09-06;2840554;ja!;ja! Dressing Sylter Art 500ml;149;500ml (1 l = 2,98 €)
2025-09-06;8647656;ja!;ja! Dressing Sylter Art vegan 250ml;99;250ml (1 l = 3,96 €)
2025-09-06;8687235;ja!;ja! Duft Teelichter Vanille 18 Stück;179;18 Stück
2025-09-06;8990667;ja!;ja! Duft-Müllbeutel mit Tragegriff 35l 30 Stück;149;30 Stück
2025-09-06;7647161;ja!;ja! Duft-Müllbeutel mit Tragegriff 35l Limette 30 Stück;149;30 Stück
2025-09-06;8686126;ja!;ja! Duftglas Rote Früchte;199;1 Stück
2025-09-06;8686936;ja!;ja! Duftlichte Rote Früchte 18 Stück;179;18 Stück
2025-09-06;2725612;ja!;ja! Earl Grey Tee 70g, 40 Beutel;99;70g (1 kg = 14,14 €)
2025-09-06;8876559;ja!;ja! Edamer 400g;299;400g (1 kg = 7,48 €)
2025-09-06;8771102;ja!;ja! Edel-Vollmilch-Schokolade Brownie 190g;259;190g (1 kg = 13,63 €)
2025-09-06;8770661;ja!;ja! Edel-Vollmilch-Schokolade Caramel Choc 200g;259;200g (1 kg = 12,95 €)
2025-09-06;298424;ja!;ja! Edelsalami 500g;445;500g (1 kg = 8,90 €)
2025-09-06;2135703;ja!;ja! Edle Matjesfilets Nordische Art 251g;179;251g (1 kg = 7,13 €)
2025-09-06;2564460;ja!;ja! Eis Bourbon-Vanille 1000ml;199;1000ml
2025-09-06;2564446;ja!;ja! Eis Schokolade 1000ml;199;1000ml
2025-09-06;8254356;ja!;ja! Eis Stracciatella 1000ml;199;1000ml
2025-09-06;8475648;ja!;ja! Eis Walnuss 1000ml;199;1000ml
2025-09-06;9936820;ja!;ja! Eis am Stiel Classic Maxi 6x100ml;329;6x100ml (1 l = 5,48 €)
2025-09-06;8354622;ja!;ja! Eis am Stiel Fruit Surfer 6x60ml;199;360ml (1 l = 5,53 €)
2025-09-06;9942568;ja!;ja! Eis am Stiel Mandel Maxi 6x100ml;329;6x100ml (1 l = 5,48 €)
2025-09-06;7122458;ja!;ja! Eis am Stiel Mini Classic Mix 12x50ml;299;12x50ml (1 l = 4,98 €)
2025-09-06;7701010;ja!;ja! Eis am Stiel Nougat Crusher 6x68ml;199;6x68ml (1 l = 4,88 €)
2025-09-06;9942985;ja!;ja! Eis-Swirl 8x60ml;249;8x60ml (1 l = 5,19 €)
2025-09-06;5910480;ja!;ja! Eiscreme Bourbon-Vanille 2500ml;349;2500ml (1 l = 1,40 €)
2025-09-06;7605663;ja!;ja! Eiskaffee 1l;139;1l
2025-09-06;8490914;ja!;ja! Eismeergarnelen 225g;329;225g (1 kg = 14,62 €)
2025-09-06;9926805;ja!;ja! Eisriegel Caramel 53ml;249;6x53ml (1 l = 7,83 €)
2025-09-06;1037871;ja!;ja! Eistee Pfirsich 1,5l;79;1,50l (1 l = 0,53 €)
2025-09-06;1037883;ja!;ja! Eistee Pfirsich 6x1,5l;474;6x1,50l (1 l = 0,53 €)
2025-09-06;8651599;ja!;ja! Eistee Pfirsich Zero 1,5l;79;1,50l (1 l = 0,53 €)
2025-09-06;7862416;ja!;ja! Eistee Pfirsich zero 6x1,5l;474;6x1,50l (1 l = 0,53 €)
2025-09-06;1037866;ja!;ja! Eistee Zitrone 1,5l;79;1,50l (1 l = 0,53 €)
2025-09-06;1037880;ja!;ja! Eistee Zitrone 6x1,5l;474;6x1,50l (1 l = 0,53 €)
2025-09-06;8403948;ja!;ja! Elektronische Feuerzeuge 3 Stück;75;3 Stück
2025-09-06;3016679;ja!;ja! Emmentaler 250g;279;250g (1 kg = 11,16 €)
2025-09-06;3025313;ja!;ja! Emmentaler am Stück 400g;399;400g (1 kg = 9,98 €)
2025-09-06;5915384;ja!;ja! Erbsen 280g;89;280g (1 kg = 3,18 €)
2025-09-06;698894;ja!;ja! Erbsen extra fein & Möhren sehr fein 530g;169;530g (1 kg = 3,19 €)
2025-09-06;8322056;ja!;ja! Erbsen extra fein 3x140g;159;3x420g (1 kg = 3,79 €)
2025-09-06;7253876;ja!;ja! Erbsen extra fein mit Möhren sehr fein 3x200g;159;3x390g (1 kg = 4,08 €)
2025-09-06;8335038;ja!;ja! Erbsen sehr fein mit Möhren sehr fein 265g;89;265g (1 kg = 3,36 €)
2025-09-06;570608;ja!;ja! Erbseneintopf mit Rauchspeck 800g;149;800g (1 kg = 1,86 €)
2025-09-06;8546581;ja!;ja! Erdbeer Sahne Schnitten 4 Stück 425g;349;425g (1 kg = 8,21 €)
2025-09-06;8628156;ja!;ja! Erdbeere Joghurt mild 1kg;249;1kg
2025-09-06;7892381;ja!;ja! Erdnuss-Flips 200g;99;200g (1 kg = 4,95 €)
2025-09-06;9025845;ja!;ja! Erdnuss-Mais-Mix 150g;139;150g (1 kg = 9,27 €)
2025-09-06;7571397;ja!;ja! Erdnussbutter Creamy 350g;189;350g (1 kg = 5,40 €)
2025-09-06;7570803;ja!;ja! Erdnussbutter Crunchy 350g;189;350g (1 kg = 5,40 €)
2025-09-06;2310347;ja!;ja! Erdnüsse geröstet & gesalzen 200g;99;200g (1 kg = 4,95 €)
2025-09-06;9030538;ja!;ja! Erdnüsse geröstet & gesalzen 500g;229;500g (1 kg = 4,58 €)
2025-09-06;7677614;ja!;ja! Erdnüsse in der Schale 400g;229;400g (1 kg = 5,73 €)
2025-09-06;7004010;ja!;ja! Erdnüsse pikant gewürzt 150g;89;150g (1 kg = 5,93 €)
2025-09-06;2394742;ja!;ja! Erfrischungsgetränk Apfel-Rhabarber 0,5l;45;0,50l (1 l = 0,90 €)
2025-09-06;9998530;ja!;ja! Erythrit 500g;365;500g (1 kg = 7,30 €)
2025-09-06;8471628;ja!;ja! Essigessenz 400g;79;400g (1 kg = 1,98 €)
2025-09-06;7900645;ja!;ja! Essigreiniger 1l;75;1l
2025-09-06;7585069;ja!;ja! Euka Menthol Bonbons 300g;99;300g
2025-09-06;7632588;ja!;ja! Exotischer Fruchtcocktail 4x113g;179;4x280g (1 kg = 6,39 €)
2025-09-06;6243827;ja!;ja! Extra löslicher Kaffee 200g;599;200g (1 kg = 29,95 €)
2025-09-06;8376519;ja!;ja! Faden Frischeinudeln 500g;149;500g (1 kg = 2,98 €)
2025-09-06;1110889;ja!;ja! Family Cappuccino 500g;349;500g (1 kg = 6,98 €)
2025-09-06;9895549;ja!;ja! Feine Butterwaffeln 240g;179;240g (1 kg = 7,46 €)
2025-09-06;8218553;ja!;ja! Feine Dill-Sahne-Heringsfilet 400g;199;400g (1 kg = 4,98 €)
2025-09-06;201401;ja!;ja! Feine Eierplätzchen 400g;179;400g (1 kg = 4,48 €)
2025-09-06;3279207;ja!;ja! Feine Hundesticks mit Kalb 8x11g;95;8x11g (1 kg = 10,80 €)
2025-09-06;7721805;ja!;ja! Feine Pastete Ente 100g;30;100g
2025-09-06;8871287;ja!;ja! Feine Pastete Leber & Apfel 100g;30;100g
2025-09-06;7722912;ja!;ja! Feine Pastete MSC Weissfisch 100g;30;100g (1 kg = 3 €)
2025-09-06;8872193;ja!;ja! Feine Pastete mit Pute 100g;30;100g
2025-09-06;2253008;ja!;ja! Feine Quarkcreme Bourbon-Vanille 200g;79;200g (1 kg = 3,95 €)
2025-09-06;2253001;ja!;ja! Feine Quarkcreme Erdbeer 200g;79;200g (1 kg = 3,95 €)
2025-09-06;2253002;ja!;ja! Feine Quarkcreme Kirsche 200g;79;200g (1 kg = 3,95 €)
2025-09-06;2253007;ja!;ja! Feine Quarkcreme Pfirsich-Maracuja 200g;79;200g (1 kg = 3,95 €)
2025-09-06;8245234;ja!;ja! Feine Speisestärke reine Maisstärke 400g;89;400g (1 kg = 2,23 €)
2025-09-06;2166155;ja!;ja! Feiner Brotaufstrich Eiersalat 150g;129;150g (1 kg = 8,60 €)
2025-09-06;2166159;ja!;ja! Feiner Brotaufstrich Geflügelsalat 150g;129;150g (1 kg = 8,60 €)
2025-09-06;1125050;ja!;ja! Feinstrumpfhose 20 DEN Gr. 48-50 Champagner matt 1 Stück;249;1 Stück
2025-09-06;1125054;ja!;ja! Feinstrumpfhose 20 DEN Gr. 48-50 Make Up matt 1 Stück;249;1 Stück
2025-09-06;1125059;ja!;ja! Feinstrumpfhose 20 DEN Gr. 52-54 Make Up matt 1 Stück;249;1 Stück
2025-09-06;1125023;ja!;ja! Feinstrumpfhosen 20 DEN Gr. 38-40 Champagner matt 2 Stück;249;2 Stück
2025-09-06;1125029;ja!;ja! Feinstrumpfhosen 20 DEN Gr. 38-40 Make Up matt 2 Stück;249;2 Stück
2025-09-06;1125032;ja!;ja! Feinstrumpfhosen 20 DEN Gr. 38-40 schwarz matt 2 Stück;249;2 Stück
2025-09-06;1125034;ja!;ja! Feinstrumpfhosen 20 DEN Gr. 42-44 Champagner matt 2 Stück;249;2 Stück
2025-09-06;1125035;ja!;ja! Feinstrumpfhosen 20 DEN Gr. 42-44 Make Up matt 2 Stück;249;2 Stück
2025-09-06;1125037;ja!;ja! Feinstrumpfhosen 20 DEN Gr. 42-44 schwarz matt 2 Stück;249;2 Stück
2025-09-06;1125040;ja!;ja! Feinstrumpfhosen 20 DEN Gr. 46-48 Make Up matt 2 Stück;249;2 Stück
2025-09-06;1125042;ja!;ja! Feinstrumpfhosen 20 DEN Gr. 46-48 schwarz matt 2 Stück;249;2 Stück
2025-09-06;7897614;ja!;ja! Feinwaschmittel Black Flüssig 1,5l 37WL;199;1,50l (1 l = 1,33 €)
2025-09-06;8640400;ja!;ja! Feinwaschmittel Flüssig 1,5l 30WL;265;1,50l (1 l = 1,77 €)
2025-09-06;8631710;ja!;ja! Feinwaschmittel Sensitiv 1,5l 37WL;199;1,50l
2025-09-06;7877179;ja!;ja! Feldsalat Mix 100g;69;100g (1 kg = 6,90 €)
2025-09-06;8606032;ja!;ja! Fenchel Anis Kümmel Tee 50g, 25 Beutel;119;50g (1 kg = 23,80 €)
2025-09-06;702420;ja!;ja! Fenstertuch;99;1 Stück
2025-09-06;1206387;ja!;ja! Festtags-Suppe mit Fleischklößchen & Eierstich 400ml;129;400ml (1 l = 3,23 €)
2025-09-06;2282164;ja!;ja! Fettarmer Joghurt 1,5% 150g;30;150g (1 kg = 2 €)
2025-09-06;754434;ja!;ja! Fettarmer Joghurt mild 1,5% Fett 500g;89;500g (1 kg = 1,78 €)
2025-09-06;9707808;ja!;ja! Fettarmer Joghurt mild Kirsche 250g;59;250g (1 kg = 2,36 €)
2025-09-06;9551450;ja!;ja! Fettarmer Joghurt mild Pfirsich-Mango 250g;59;250g (1 kg = 2,36 €)
2025-09-06;588221;ja!;ja! Feuchte Allzwecktücher Limonen-Frische 80 Stück;149;80 Stück
2025-09-06;4509099;ja!;ja! Feuchte Allzwecktücher Pure Frische 80 Stück;149;80 Stück
2025-09-06;8439197;ja!;ja! Feuchte Bodentücher Parkett & Laminat 15 Stück;189;15 Stück
2025-09-06;8439989;ja!;ja! Feuchte Bodentücher für glatte Böden 15 Stück;189;15 Stück
2025-09-06;8379864;ja!;ja! Feuchtes Toilettenpapier Kamille 2x70 Stück;125;2x70 Stück
2025-09-06;8033362;ja!;ja! Feuchtes Toilettenpapier Sensitiv 2x70 Tücher;125;2x70 Stück
2025-09-06;8906021;ja!;ja! Feuchtes Toilettenpapier Sheabutter-Duft 70 Stück;125;2x70 Stück
2025-09-06;6540147;ja!;ja! Fischstäbchen 450g, 15 Stück;249;450g (1 kg = 5,53 €)
2025-09-06;7033068;ja!;ja! Fix Saucenpulver für Nudel-Schinken Gratin 40g;35;40g (1 kg = 8,75 €)
2025-09-06;7033363;ja!;ja! Fix Saucenpulver für Spaghetti Bolognese oder Lasagne 45g;35;45g (1 kg = 7,78 €)
2025-09-06;886680;ja!;ja! Fix für Gulasch 40g;35;40g (1 kg = 8,75 €)
2025-09-06;8222208;ja!;ja! Fix für Salat Dill-Kräuter 5x8g;49;40g (1 kg = 12,25 €)
2025-09-06;8222007;ja!;ja! Fix für Salat Garten-Kräuter 5x8g;49;40g (1 kg = 12,25 €)
2025-09-06;8222913;ja!;ja! Fix für Salat Italienische Art 5x8g;49;40g (1 kg = 12,25 €)
2025-09-06;8888131;ja!;ja! Fleischbällchen-Topf 800g;299;800g (1 kg = 3,74 €)
2025-09-06;2270571;ja!;ja! Fleischbällchen-Topf mit Tomaten & Nudeln 800g;299;800g (1 kg = 3,74 €)
2025-09-06;7009739;ja!;ja! Fleischwurst 650g;349;650g (1 kg = 5,37 €)
2025-09-06;8111262;ja!;ja! Forellenfilet natur 125g;249;125g (1 kg = 19,92 €)
2025-09-06;6980295;ja!;ja! Französischer Weichkäse 200g;189;200g (1 kg = 9,45 €)
2025-09-06;8599178;ja!;ja! French Dressing 250ml;99;250ml (1 l = 3,96 €)
2025-09-06;8164649;ja!;ja! Frikadellen verzehrfertig 500g;299;500g (1 kg = 5,98 €)
2025-09-06;4509650;ja!;ja! Frikadellenbällchen 500g;299;500g (1 kg = 5,98 €)
2025-09-06;7937888;ja!;ja! Frische Eier aus Bodenhaltung 10 Stück;199;10 Stück
2025-09-06;139976;ja!;ja! Frische Hähnchenschenkel ca. 1130g;544;1 Stück ca. 1130 g (1 kg = 4,81 €)
2025-09-06;7877849;ja!;ja! Frische Salatschale Vegano vegan 300g;249;300g (1 kg = 8,30 €)
2025-09-06;2865690;ja!;ja! Frische Vollmilch 3,5% 1l;109;1l
2025-09-06;2865662;ja!;ja! Frische fettarme Milch 1,5% 1l;99;1l
2025-09-06;8656774;ja!;ja! Frischeiwaffeln 250g;149;250g (1 kg = 5,96 €)
2025-09-06;2105216;ja!;ja! Frischhaltefolie 75m;110;75m (1 m  = 0,01 €)
2025-09-06;7785244;ja!;ja! Frischkäse Jalapenos 250g;219;250g (1 kg = 8,76 €)
2025-09-06;2421597;ja!;ja! Frischkäse Natur Doppelrahmstufe 300g;169;300g (1 kg = 5,63 €)
2025-09-06;7964577;ja!;ja! Frittieröl 2l;449;2l (1 l = 2,25 €)
2025-09-06;8881166;ja!;ja! Fruchtaufstrich Aprikose 450g;149;450g (1 kg = 3,31 €)
2025-09-06;9004390;ja!;ja! Fruchtaufstrich Erdbeere 250g;129;250g (1 kg = 5,16 €)
2025-09-06;8880363;ja!;ja! Fruchtaufstrich Erdbeere 450g;129;450g (1 kg = 2,87 €)
2025-09-06;7717168;ja!;ja! Fruchtaufstrich Heidelbeere 450g;149;450g (1 kg = 3,31 €)
2025-09-06;8881555;ja!;ja! Fruchtaufstrich Himbeere 450g;149;450g (1 kg = 3,31 €)
2025-09-06;8880259;ja!;ja! Fruchtaufstrich Sauerkirsche 450g;149;450g (1 kg = 3,31 €)
2025-09-06;1203693;ja!;ja! Fruchtcocktail 4x70g;179;280g (1 kg = 6,39 €)
2025-09-06;8007822;ja!;ja! Fruchtmus Apfel-Banane 4x100g;179;4x100g (1 kg = 4,48 €)
2025-09-06;8009017;ja!;ja! Fruchtmus Apfel-Erdbeere 4x100g;179;4x100g (1 kg = 4,48 €)
2025-09-06;8037873;ja!;ja! Fruchtschnitten Cranberry-Kirsch 150g;149;150g (1 kg = 9,93 €)
2025-09-06;8025570;ja!;ja! Fruchtschnitten Waldfrucht 150g;149;150g (1 kg = 9,93 €)
2025-09-06;7794958;ja!;ja! Fruit Rings 500g;249;500g (1 kg = 4,98 €)
2025-09-06;7709991;ja!;ja! FruitKicks Multivitamin-Nektar 0,3l;69;0,30l (1 l = 2,30 €)
2025-09-06;8893218;ja!;ja! FruitKicks Multivitamin-Nektar 6x0,3l;414;6x0,30l (1 l = 2,30 €)
2025-09-06;8893386;ja!;ja! FruitKicks Roter Multivitamin Mehrfrucht-Nektar 0,3l;69;0,30l (1 l = 2,30 €)
2025-09-06;8891896;ja!;ja! FruitKicks Roter Multivitamin Mehrfrucht-Nektar 6x0,3l;414;6x0,30l (1 l = 2,30 €)
2025-09-06;8353087;ja!;ja! Frutti di Mare 270g;399;270g (1 kg = 14,78 €)
2025-09-06;8905138;ja!;ja! Früchte Minis 6x60g;89;6x60g (1 kg = 2,47 €)
2025-09-06;7777815;ja!;ja! Frühlingsrollen mit Gemüse 400g;279;400g (1 kg = 6,98 €)
2025-09-06;7779581;ja!;ja! Frühlingsrollen mit Hähnchen 400g;279;400g (1 kg = 6,98 €)
2025-09-06;7913504;ja!;ja! Frühstücksbeutel 120 Stück;50;120 Stück
2025-09-06;8069766;ja!;ja! Fusilli 500g;79;500g (1 kg = 1,58 €)
2025-09-06;8949892;ja!;ja! Gabelspaghetti in Tomatensauce 800g;169;800g (1 kg = 2,11 €)
2025-09-06;8834608;ja!;ja! Ganze Mandel Edel-Vollmilch Schokolade;139;100g (1 kg = 13,90 €)
2025-09-06;9958749;ja!;ja! Garnelen Classic roh & geschält 200g;399;200g
2025-09-06;9943988;ja!;ja! Garnelen Knoblauch-Chili roh & geschält 200g;399;200g
2025-09-06;2565946;ja!;ja! Garnelen á la Provence 250g;349;250g (1 kg = 13,96 €)
2025-09-06;7600959;ja!;ja! Geflügel Bratwurst 400g;349;400g (1 kg = 8,73 €)
2025-09-06;8587952;ja!;ja! Geflügel Fond 400ml;129;400ml (1 l = 3,23 €)
2025-09-06;8890957;ja!;ja! Geflügel Wiener 400g;299;400g (1 kg = 7,48 €)
2025-09-06;942067;ja!;ja! Geflügel-Mortadella 200g;129;200g (1 kg = 6,45 €)
2025-09-06;990026;ja!;ja! Geflügel-Salami mit Pflanzenfett 200g;169;200g (1 kg = 8,45 €)
2025-09-06;7715557;ja!;ja! Geflügelfleischwurst 500g;269;500g (1 kg = 5,38 €)
2025-09-06;7957293;ja!;ja! Geflügellyoner mit Paprika 200g;129;200g (1 kg = 6,45 €)
2025-09-06;8503685;ja!;ja! Geflügelsalami geräuchert 130g;219;130g (1 kg = 16,85 €)
2025-09-06;7834991;ja!;ja! Geflügelsalat 200g;169;200g (1 kg = 8,45 €)
2025-09-06;9999232;ja!;ja! Geflügelwiener 550g;269;250g (1 kg = 10,76 €)
2025-09-06;7644737;ja!;ja! Gefrierbeutel 6l 41 Stück;125;41 Stück
2025-09-06;7772101;ja!;ja! Gefrierbeutel mit Verschlussclips 3l, 75 Stück;125;75 Stück
2025-09-06;9920333;ja!;ja! Gelee Ananas vegan 250g;199;250g (1 kg = 7,96 €)
2025-09-06;8599735;ja!;ja! Gelee Bananen 250g;199;250g (1 kg = 7,96 €)
2025-09-06;8613805;ja!;ja! Geleefrüchte 250g;199;250g (1 kg = 7,96 €)
2025-09-06;6353460;ja!;ja! Gelierzucker 2:1 500g;79;500g (1 kg = 1,58 €)
2025-09-06;7901857;ja!;ja! Gemüse Fond vegan 400ml;129;400ml (1 l = 3,23 €)
2025-09-06;7708198;ja!;ja! Geniesser Menü Ente & Pute 100g;30;100g
2025-09-06;7710069;ja!;ja! Geniesser Menü Huhn & Ente 100g;30;100g
2025-09-06;8893237;ja!;ja! Geniesser Menü Truthahn & Lamm 100g;30;100g
2025-09-06;7657120;ja!;ja! Geniesser Menü verschiedene Sorten in Jelly 15x100g;319;15x100g (1 kg = 2,13 €)
2025-09-06;7707422;ja!;ja! Geniesser-Menü mit Lachs 100g;30;100g
2025-09-06;7146084;ja!;ja! Genießer-Menü Multipack Fleisch 15x100g;319;15x100g (1 kg = 2,13 €)
2025-09-06;7144685;ja!;ja! Genießer-Menü Multipack Jelly 15x100g;319;15x100g (1 kg = 2,13 €)
2025-09-06;8428056;ja!;ja! Geriebener Emmentaler 45% Fett 250g;199;250g (1 kg = 7,96 €)
2025-09-06;8426184;ja!;ja! Geriebener Gouda 48% Fett 250g;199;250g (1 kg = 7,96 €)
2025-09-06;8426697;ja!;ja! Geriebener Gratin- und Pizzakäse 250g;199;250g (1 kg = 7,96 €)
2025-09-06;8439178;ja!;ja! Geriebener Mozzarella 250g;199;250g (1 kg = 7,96 €)
2025-09-06;7618946;ja!;ja! Geriffelte Chips gesalzen 200g;149;200g (1 kg = 7,45 €)
2025-09-06;7896538;ja!;ja! Geschirr-Reiniger Classic 60 Tabs 780g;299;780g (1 kg = 3,83 €)
2025-09-06;9899828;ja!;ja! Geschirr-Reiniger Tabs All-in-1 850g 40 Tabs;395;850g
2025-09-06;8977328;ja!;ja! Geschirrreiniger 6 Stück;65;6 Stück
2025-09-06;2346106;ja!;ja! Geschirrspülmittel Classic 1l;95;1l
2025-09-06;8335264;ja!;ja! Geschirrspülmittel Zitrone 1l;95;1l
2025-09-06;8669735;ja!;ja! Getränkesirup mit Orangen-Geschmack 0,5l;149;0,50l (1 l = 2,98 €)
2025-09-06;8672028;ja!;ja! Getränkesirup mit Zitronen-Limettengeschmack 0,5l;149;0,50l (1 l = 2,98 €)
2025-09-06;8595918;ja!;ja! Glasreiniger Ocean 1l;95;1l
2025-09-06;592755;ja!;ja! Gnocchi di Patate 500g;99;500g (1 kg = 1,98 €)
2025-09-06;6243711;ja!;ja! Gold Löslicher Kaffee 100g;315;100g (1 kg = 31,50 €)
2025-09-06;3151583;ja!;ja! Gold entkoffeiniert 100g;389;100g (1 kg = 38,90 €)
2025-09-06;2597847;ja!;ja! Gouda Holland jung am Stück 450g;419;450g (1 kg = 9,31 €)
2025-09-06;7718951;ja!;ja! Gouda Holland mittelalt 450g;469;450g (1 kg = 10,42 €)
2025-09-06;9026210;ja!;ja! Gouda jung 250g;195;250g (1 kg = 7,80 €)
2025-09-06;6337279;ja!;ja! Gouda jung 48% Fett 400g;299;400g (1 kg = 7,48 €)
2025-09-06;6337252;ja!;ja! Gouda mittelalt 300g;299;300g (1 kg = 9,97 €)
2025-09-06;7213371;ja!;ja! Grill-Camembert 2 Stück 200g;254;200g (1 kg = 12,70 €)
2025-09-06;8628968;ja!;ja! Grillanzünder Flüssig 1l;279;1l
2025-09-06;9930381;ja!;ja! Grillgut Schweine-Bauchscheiben Paprikamarinade 500g;399;500g (1 kg = 7,98 €)
2025-09-06;570617;ja!;ja! Grüne Bohneneintopf 800g;189;800g (1 kg = 2,36 €)
2025-09-06;8876424;ja!;ja! Grüne Erbsen mit Suppengrün 530g;119;530g (1 kg = 2,25 €)
2025-09-06;8515862;ja!;ja! Grüne Oliven mit Mandeln 100g;119;100g (1 kg = 11,90 €)
2025-09-06;8563138;ja!;ja! Grüne Oliven mit Paprikapaste 180g;199;200g (1 kg = 9,95 €)
2025-09-06;8075601;ja!;ja! Grüne Oliven ohne Stein 170g;129;170g (1 kg = 7,59 €)
2025-09-06;8015460;ja!;ja! Grüne Peperoni gefüllt 150g;199;150g (1 kg = 13,27 €)
2025-09-06;1205219;ja!;ja! Gulaschsuppe 400ml;179;400ml (1 l = 4,48 €)
2025-09-06;7850206;ja!;ja! Gulaschtopf mit Nudeln 61g;89;61g (1 kg = 14,59 €)
2025-09-06;7755784;ja!;ja! Gulaschtopf mit Nudeln 800g;299;800g (1 kg = 3,74 €)
2025-09-06;8270196;ja!;ja! Gummiringe 48g;79;48g (1 kg = 16,46 €)
2025-09-06;1010880;ja!;ja! Gurkensticks 360g;149;360g (1 kg = 4,14 €)
2025-09-06;1386397;ja!;ja! Gurkentopf 530g;169;530g (1 kg = 3,19 €)
2025-09-06;3070776;ja!;ja! H-Milch 1,5% 1l;99;1l
2025-09-06;3072549;ja!;ja! H-Milch 3,5% 1l;109;1l
2025-09-06;6509355;ja!;ja! H-Schlagsahne 200g;99;200g (1 kg = 4,95 €)
2025-09-06;7857273;ja!;ja! Hafergebäck 600g;399;600g (1 kg = 6,65 €)
2025-09-06;8964757;ja!;ja! Halbfettmargarine 500g;119;500g (1 kg = 2,38 €)
2025-09-06;8341415;ja!;ja! Hamburger 1kg, 12 Patties;1098;1000g
2025-09-06;8568267;ja!;ja! Hamburger Brötchen 6 Stück 300g;99;300g (1 kg = 3,30 €)
2025-09-06;8552864;ja!;ja! Handkäse Minis Edelschimmel 115g;119;115g (1 kg = 10,35 €)
2025-09-06;8977621;ja!;ja! Handkäse im Edelschimmel 200g;189;200g (1 kg = 9,45 €)
2025-09-06;7847175;ja!;ja! Hartweizengriess 500g;69;500g (1 kg = 1,38 €)
2025-09-06;7924797;ja!;ja! Harzer Käse Mini 115g;119;115g (1 kg = 10,35 €)
2025-09-06;7003736;ja!;ja! Harzer Rolle 200g;189;200g (1 kg = 9,45 €)
2025-09-06;9094858;ja!;ja! Haselnuss Gebäck mit Cremefüllung 250g;125;250g (1 kg = 5 €)
2025-09-06;1008581;ja!;ja! Haselnusskerne ganz 200g;299;200g (1 kg = 14,95 €)
2025-09-06;1008586;ja!;ja! Haselnusskerne gemahlen 200g;299;200g (1 kg = 14,95 €)
2025-09-06;7957031;ja!;ja! Hauchzarter Hinterschinken gebacken 150g;189;150g (1 kg = 12,60 €)
2025-09-06;7802963;ja!;ja! Haushaltshandschuhe Gr. L 1 Paar;59;1 Stück
2025-09-06;8741968;ja!;ja! Haushaltshandschuhe Gr. M 1 Paar;59;1 Stück
2025-09-06;7804264;ja!;ja! Haushaltshandschuhe Größe S;59;1 Stück
2025-09-06;7795284;ja!;ja! Haushaltskerzen rot 10 Stück;249;10 Stück
2025-09-06;8754081;ja!;ja! Haushaltskerzen weiß 10 Stück;249;10 Stück
2025-09-06;8537447;ja!;ja! Haushaltsschwamm 9 Stück;99;9 Stück
2025-09-06;120585;ja!;ja! Heringsfilets geteilt in Tomatensauce 200g;99;200g (1 kg = 4,95 €)
2025-09-06;7630691;ja!;ja! Heringsfilets in Mango-Curry Creme 200g;109;200g (1 kg = 5,45 €)
2025-09-06;7977528;ja!;ja! Heringsfilets in Paprikacreme 200g;109;200g (1 kg = 5,45 €)
2025-09-06;8470119;ja!;ja! Heringsfilets in Pfeffercreme MSC 200g;109;200g (1 kg = 5,45 €)
2025-09-06;8493810;ja!;ja! Heringsfilets in Tomatencreme 200g;109;200g (1 kg = 5,45 €)
2025-09-06;9898521;ja!;ja! Heringsfilets in Tomatensauce 200g;99;200g (1 kg = 4,95 €)
2025-09-06;2097590;ja!;ja! Herzhafte Brocken mit Huhn & Gemüse 10kg;999;10kg (1 kg = 1 €)
2025-09-06;3101047;ja!;ja! Herzhafte Stückchen Lachs & Gemüse 100g;30;100g (1 kg = 3 €)
2025-09-06;3101044;ja!;ja! Herzhafte Stückchen Truthahn & Erbsen in Gelee 100g;30;100g (1 kg = 3 €)
2025-09-06;3101041;ja!;ja! Herzhaftes Ragout Rind 100g;30;100g (1 kg = 3 €)
2025-09-06;3101042;ja!;ja! Herzhaftes Ragout Wild 100g;30;100g (1 kg = 3 €)
2025-09-06;3156246;ja!;ja! Herzhaftes Ragout mit Rind & Nudeln 300g;69;300g (1 kg = 2,30 €)
2025-09-06;2886776;ja!;ja! Hirtenkäse 250g;189;250g (1 kg = 7,56 €)
2025-09-06;891929;ja!;ja! Honey Wheats 750g;249;750g (1 kg = 3,32 €)
2025-09-06;7914493;ja!;ja! Hot Dog Rolls 250g;99;250g (1 kg = 3,96 €)
2025-09-06;8487975;ja!;ja! Hot Dog Würstchen 300g, 6 Stück;279;300g (1 kg = 9,30 €)
2025-09-06;9957532;ja!;ja! Hot Dogs mit Gouda 200g;279;200g (1 kg = 13,95 €)
2025-09-06;8552840;ja!;ja! Hot Salsa Dip 300ml;139;300ml (1 l = 4,63 €)
2025-09-06;8859653;ja!;ja! Hummus natur vegan 200g;99;200g (1 kg = 4,95 €)
2025-09-06;7728461;ja!;ja! Hummus pikant vegan 200g;99;200g (1 kg = 4,95 €)
2025-09-06;2025506;ja!;ja! Hundesticks Geflügel 8x11g;95;8x11g (1 kg = 10,80 €)
2025-09-06;2025522;ja!;ja! Hundesticks Rind 8x11g;95;8x11g (1 kg = 10,80 €)
2025-09-06;2025529;ja!;ja! Hundesticks mit Wild 8x11g;95;8x11g (1 kg = 10,80 €)
2025-09-06;7955894;ja!;ja! Hähnchen;659;1 Stück ca. 1100 g (1 kg = 5,99 €)
2025-09-06;7879677;ja!;ja! Hähnchen Drumsticks BBQ Texas Style 750g;399;750g (1 kg = 5,32 €)
2025-09-06;2198857;ja!;ja! Hähnchen Filetsteaks 400g;529;400g (1 kg = 13,23 €)
2025-09-06;8371596;ja!;ja! Hähnchen Filetstreifen 250g;299;250g (1 kg = 11,96 €)
2025-09-06;8540960;ja!;ja! Hähnchen Flügel ohne Spitze 480g;278;1 Stück ca. 480 g (1 kg = 5,80 €)
2025-09-06;7691892;ja!;ja! Hähnchen Innenfiletspieße Paprika 400g;529;400g (1 kg = 13,23 €)
2025-09-06;8361755;ja!;ja! Hähnchen Mini Schnitzel 500g;399;500g (1 kg = 7,98 €)
2025-09-06;8611852;ja!;ja! Hähnchen Schnitzel XXL 500g;449;500g (1 kg = 8,98 €)
