Datum;ID;Marke;Name;Preis;Gewicht
2025-09-19;7225094;ja!;Ja! Cashewkerne Pikant 150g;249;150g (1 kg = 16,60 €)
2025-09-19;9603293;ja!;ja Mini Cabanossi 250g;289;250g (1 kg = 11,56 €)
2025-09-19;8397514;ja!;ja! 6 Kartoffel Knödel halb & halb 200g;99;200g (1 kg = 4,95 €)
2025-09-19;6790143;ja!;ja! Alpenvollmilch-Schokolade 100g;99;100g (1 kg = 9,90 €)
2025-09-19;2105247;ja!;ja! Alufolie 50m;292;50m (1 m  = 0,06 €)
2025-09-19;8554014;ja!;ja! Ananasstücke in eigenem Saft 340g;179;340g (1 kg = 5,26 €)
2025-09-19;9939566;ja!;ja! Anzünd-Würfel 64 Stück;179;64 Stück
2025-09-19;8600224;ja!;ja! Anzündwürfel 64 Stück;179;64 Stück
2025-09-19;2394739;ja!;ja! Apfel Holunder Schorle 6x0,5l;270;6x0,50l (1 l = 0,90 €)
2025-09-19;2394743;ja!;ja! Apfel Rhabarber Schorle 6x0,5l;270;6x0,50l (1 l = 0,90 €)
2025-09-19;7892514;ja!;ja! Apfelnektar 6x1,5l;954;6x1,50l (1 l = 1,06 €)
2025-09-19;7898682;ja!;ja! Apfelsaft 6x1l;654;6x1l (1 l = 1,09 €)
2025-09-19;520330;ja!;ja! Apfelschorle 6x1,5l;714;6x1,50l (1 l = 0,79 €)
2025-09-19;7951836;ja!;ja! Arrabiata Sauce 400ml;145;400ml (1 l = 3,63 €)
2025-09-19;8361527;ja!;ja! Ayran 250ml;49;250ml (1 l = 1,96 €)
2025-09-19;8626092;ja!;ja! Back-Camembert 300g;259;300g (1 kg = 8,63 €)
2025-09-19;8543757;ja!;ja! Backcamembert mit Wild-Preiselbeerdip 350g;299;350g (1 kg = 8,54 €)
2025-09-19;2236174;ja!;ja! Backfertiger Pizzateig mit Sauce 600g;199;600g (1 kg = 3,32 €)
2025-09-19;1317360;ja!;ja! Backpapierzuschnitte 30 Stück;95;30 Stück
2025-09-19;1478263;ja!;ja! Backpulver 10x15g;59;10x15g (1 kg = 3,93 €)
2025-09-19;7955686;ja!;ja! Bacon in Streifen 250g;279;250g (1 kg = 11,16 €)
2025-09-19;8556568;ja!;ja! Bagels mit Sesam 340g;189;340g (1 kg = 5,56 €)
2025-09-19;8940948;ja!;ja! Baguette Tomate Mozzarella 6x125g;299;6x125g (1 kg = 3,99 €)
2025-09-19;5353157;ja!;ja! Baguettebrötchen 300g, 6 Stück;69;300g (1 kg = 2,30 €)
2025-09-19;8452565;ja!;ja! Bami Goreng 750g;349;750g (1 kg = 4,65 €)
2025-09-19;7087342;ja!;ja! Basmati Reis 1kg;299;1000g
2025-09-19;8255692;ja!;ja! Bauchspeck geräuchert 2 Scheiben 300g;279;300g (1 kg = 9,30 €)
2025-09-19;7009615;ja!;ja! Bayerischer Leberkäse 400g;349;400g (1 kg = 8,73 €)
2025-09-19;8356249;ja!;ja! Becherset 6er;249;1 Stück
2025-09-19;2317794;ja!;ja! Beeren-Mischung 750g;299;750g (1 kg = 3,99 €)
2025-09-19;1042260;ja!;ja! Belegkirschen 100g;139;100g (1 kg = 13,90 €)
2025-09-19;8053256;ja!;ja! Bergkäse am Stück 250g;285;250g (1 kg = 11,40 €)
2025-09-19;8403753;ja!;ja! Biokompostbeutel 10l 20 Stück;149;20 Stück
2025-09-19;7693369;ja!;ja! Biscuits 172g;149;172g (1 kg = 8,66 €)
2025-09-19;7624359;ja!;ja! Biskuit Tortenboden 250g;179;250g (1 kg = 7,16 €)
2025-09-19;518611;ja!;ja! Bitter Lemon 6x1,5l;450;6x1,50l (1 l = 0,50 €)
2025-09-19;8766834;ja!;ja! Blattspinat 1kg;239;1000g
2025-09-19;7067903;ja!;ja! Blumenkohl tiefgefroren 1kg;239;1000g
2025-09-19;7907373;ja!;ja! Blätterteig 275g;99;275g (1 kg = 3,60 €)
2025-09-19;7845762;ja!;ja! Blütenhonig cremig streichzart 500g;249;500g (1 kg = 4,98 €)
2025-09-19;7845005;ja!;ja! Blütenhonig zart-fließend 500g;239;500g (1 kg = 4,78 €)
2025-09-19;6195873;ja!;ja! Bockwürstchen in zarter Eigenhaut 360g, 8 Stück;329;360g (1 kg = 9,14 €)
2025-09-19;6539912;ja!;ja! Bordelaise Schlemmer-Filet 400g;249;400g (1 kg = 6,23 €)
2025-09-19;8540029;ja!;ja! Bratkarotffeln mit Speck und Zwiebeln 400g;149;400g (1 kg = 3,73 €)
2025-09-19;7933793;ja!;ja! Bratkartoffeln mit Zwiebel 400g;149;400g (1 kg = 3,73 €)
2025-09-19;7856044;ja!;ja! Bratkartoffelpfanne 600g;299;600g (1 kg = 4,98 €)
2025-09-19;7084985;ja!;ja! Brechbohnen 1000g;239;1000g
2025-09-19;8601123;ja!;ja! Brenn-Spiritus 1l;299;1l
2025-09-19;7156260;ja!;ja! Brie 200g;199;200g (1 kg = 9,95 €)
2025-09-19;8290217;ja!;ja! Briefumschläge DIN C6 100 Stück Ohne Fenster;399;100 Stück
2025-09-19;8289473;ja!;ja! Briefumschläge DIN lang selbstklebend ohne Fenster 50 Stück;239;50 Stück
2025-09-19;8088095;ja!;ja! Briefumschläge mit Fenster DIN lang 50 Stück;239;50 Stück
2025-09-19;7073900;ja!;ja! Broccoli Röschen tiefgefroren 1kg;239;1000g
2025-09-19;8963612;ja!;ja! Brotchips Tomate-Olive 250g;179;250g (1 kg = 7,16 €)
2025-09-19;8929423;ja!;ja! Bunte Eier 10 Stück;249;10 Stück
2025-09-19;5349664;ja!;ja! Butter-Toastbrot 500g;79;500g (1 kg = 1,58 €)
2025-09-19;8633128;ja!;ja! Butterbrot Tüten 100 Stück;145;100 Stück
2025-09-19;5960010;ja!;ja! Buttergemüse mit feiner Butter-Kräuter-Sauce 300g;109;300g (1 kg = 3,63 €)
2025-09-19;79949;ja!;ja! Butterkekse 400g;199;400g (1 kg = 4,98 €)
2025-09-19;2057494;ja!;ja! Butterkäse 400g;299;400g (1 kg = 7,48 €)
2025-09-19;8990127;ja!;ja! Butterspritzgebäck 400g;259;400g (1 kg = 6,48 €)
2025-09-19;8985930;ja!;ja! Cabanossi 300g;299;300g (1 kg = 9,97 €)
2025-09-19;2464563;ja!;ja! Caffè Crema Ganze Bohnen 1kg;1399;1000g
2025-09-19;2464558;ja!;ja! Caffè Espresso Ganze Bohnen 1kg;1399;1000g
2025-09-19;6780172;ja!;ja! Camembert 125g;109;125g (1 kg = 8,72 €)
2025-09-19;7076962;ja!;ja! Cannelloni Vier Käse mit Spinatfüllung 400g;199;400g (1 kg = 4,98 €)
2025-09-19;2311667;ja!;ja! Cashew-Erdnuss-Mix Honig & Salz 200g;249;200g (1 kg = 12,45 €)
2025-09-19;2169511;ja!;ja! Cashewkerne geröstet & gesalzen 150g;249;150g (1 kg = 16,60 €)
2025-09-19;8889713;ja!;ja! Cashewkerne geröstet & ungesalzen 150g;249;150g (1 kg = 16,60 €)
2025-09-19;8787703;ja!;ja! Cerealien Creamy Bits 500g;249;500g (1 kg = 4,98 €)
2025-09-19;8789204;ja!;ja! Cerealien White Wheaties 600g;249;600g (1 kg = 4,15 €)
2025-09-19;7617929;ja!;ja! Cevapcici aus Rindfleisch 400g;549;400g (1 kg = 13,73 €)
2025-09-19;8339719;ja!;ja! Cevapcici für Pfanne und Grill 1kg;1099;1000g
2025-09-19;6697100;ja!;ja! Cevapcici mit Gemüse und Reis 300g;199;300g (1 kg = 6,63 €)
2025-09-19;923266;ja!;ja! Champignons 1. Wahl in Scheiben 170g;99;170g (1 kg = 5,82 €)
2025-09-19;8926272;ja!;ja! Cheddar in Scheiben 175g;249;175g (1 kg = 14,23 €)
2025-09-19;8848649;ja!;ja! Cheeseburger Schwein 2 Stück 320g;279;320g (1 kg = 8,72 €)
2025-09-19;8614834;ja!;ja! Chicken Burger 400g;349;400g (1 kg = 8,73 €)
2025-09-19;8370536;ja!;ja! Chicken Nuggets 1000g;699;1000g
2025-09-19;8374622;ja!;ja! Chicken Nuggets 300g;249;300g (1 kg = 8,30 €)
2025-09-19;2198265;ja!;ja! Chicken Nuggets 500g;399;500g (1 kg = 7,98 €)
2025-09-19;8521365;ja!;ja! Chicken Wings Hot Style 750g;449;750g (1 kg = 5,99 €)
2025-09-19;8560300;ja!;ja! Chicken Wings Mild 750g;449;750g (1 kg = 5,99 €)
2025-09-19;2270557;ja!;ja! Chili con Carne mit Schweinefleisch 800g;249;800g (1 kg = 3,11 €)
2025-09-19;7787649;ja!;ja! Chili-Cheese Nuggets 250g;219;250g (1 kg = 8,76 €)
2025-09-19;891922;ja!;ja! Choco Chips 750g;249;750g (1 kg = 3,32 €)
2025-09-19;518727;ja!;ja! Cola 6x1,5l;390;6x1,50l (1 l = 0,43 €)
2025-09-19;905749;ja!;ja! Cola ohne Zucker 6x1,5l;390;6x1,50l (1 l = 0,43 €)
2025-09-19;975903;ja!;ja! Cola-Mix 6x1,5l;390;6x1,50l (1 l = 0,43 €)
2025-09-19;8182885;ja!;ja! Colorwaschmittel flüssig 1,1l 20WL;315;1,10l (1 l = 2,86 €)
2025-09-19;8493667;ja!;ja! Cookies American Style Chocolate Chip 225g;149;225g (1 kg = 6,62 €)
2025-09-19;2134122;ja!;ja! Cornflakes 500g;145;500g (1 kg = 2,90 €)
2025-09-19;7800570;ja!;ja! Cornichons mit Chili 190g;99;190g (1 kg = 5,21 €)
2025-09-19;8693856;ja!;ja! Cornichons mit Kräutern 190g;99;190g (1 kg = 5,21 €)
2025-09-19;342931;ja!;ja! Cornichons süß-sauer 370g;129;370g (1 kg = 3,49 €)
2025-09-19;2325016;ja!;ja! Cranberries 200g;199;200g (1 kg = 9,95 €)
2025-09-19;8311334;ja!;ja! Criss Cross Pommes pikant gewürzt 600g;199;600g (1 kg = 3,32 €)
2025-09-19;8444108;ja!;ja! Crème Fraîche Classic 30% Fett 200g;109;200g (1 kg = 5,45 €)
2025-09-19;8445118;ja!;ja! Crème Fraîche mit Kräutern 200g;109;200g (1 kg = 5,45 €)
2025-09-19;8443313;ja!;ja! Crème leicht 14,5% Fett 200g;109;200g (1 kg = 5,45 €)
2025-09-19;9918039;ja!;ja! Cuorino 225g;199;225g (1 kg = 8,84 €)
2025-09-19;8074238;ja!;ja! Curly Fries pikant gewürzt 600g;199;600g (1 kg = 3,32 €)
2025-09-19;8973540;ja!;ja! Delikatess Bierschinken 150g;129;150g (1 kg = 8,60 €)
2025-09-19;8243243;ja!;ja! Delikatess Edelsalami mild geräuchert 150g;169;150g (1 kg = 11,27 €)
2025-09-19;9954278;ja!;ja! Delikatess Fleischsalat 400g;169;400g (1 kg = 4,23 €)
2025-09-19;8327635;ja!;ja! Delikatess Heringssalat mit Roter Bete, Gurke und Apfel 250g;129;250g (1 kg = 5,16 €)
2025-09-19;8049651;ja!;ja! Delikatess Mini Wiener Geflügel Würstchen 2x160g;259;2x160g (1 kg = 8,09 €)
2025-09-19;7018624;ja!;ja! Delikatess Mini-Salami 4x25g;155;4x25g (1 kg = 15,50 €)
2025-09-19;2888667;ja!;ja! Delikatess Teewurst fein 125g;149;125g (1 kg = 11,92 €)
2025-09-19;961733;ja!;ja! Delikatess-Bacon 100g;139;100g (1 kg = 13,90 €)
2025-09-19;6445640;ja!;ja! Delikatess-Cervelatwurst 200g;179;200g (1 kg = 8,95 €)
2025-09-19;2087491;ja!;ja! Delikatess-Hähnchenbrustfilet 150g;249;150g (1 kg = 16,60 €)
2025-09-19;1215356;ja!;ja! Delikatess-Hähnchenbrustfilet gepökelt, gebacken 100g;149;100g (1 kg = 14,90 €)
2025-09-19;946509;ja!;ja! Delikatess-Krustenbraten 100g;169;100g (1 kg = 16,90 €)
2025-09-19;4724488;ja!;ja! Delikatess-Lachsschinken 100g;169;100g (1 kg = 16,90 €)
2025-09-19;1326612;ja!;ja! Delikatess-Leichtschinken fettreduziert 150g;259;150g (1 kg = 17,27 €)
2025-09-19;1162962;ja!;ja! Delikatess-Mayonnaise 500ml;159;500ml (1 l = 3,18 €)
2025-09-19;2120334;ja!;ja! Delikatess-Pfefferbeißer 300g;359;300g (1 kg = 11,97 €)
2025-09-19;7009810;ja!;ja! Delikatess-Rostbratwurst 540g;379;540g (1 kg = 7,02 €)
2025-09-19;6445667;ja!;ja! Delikatess-Salami 200g;179;200g (1 kg = 8,95 €)
2025-09-19;4832060;ja!;ja! Delikatess-Würstchen 200g;149;200g (1 kg = 7,45 €)
2025-09-19;7961361;ja!;ja! Dinkel Hörnchen 500g;129;500g (1 kg = 2,58 €)
2025-09-19;8494755;ja!;ja! Dinkel Spaghetti 500g;129;500g (1 kg = 2,58 €)
2025-09-19;8224543;ja!;ja! Dinkelmehl Typ 630 1kg;109;1kg
2025-09-19;8372201;ja!;ja! Dino & Friends Hähnchenbrustfilet 400g;329;400g (1 kg = 8,23 €)
2025-09-19;2859404;ja!;ja! Donauwelle 500g;349;500g (1 kg = 6,98 €)
2025-09-19;5879736;ja!;ja! Doppelkeks 500g;179;500g (1 kg = 3,58 €)
2025-09-19;8647656;ja!;ja! Dressing Sylter Art vegan 250ml;99;250ml (1 l = 3,96 €)
2025-09-19;8687235;ja!;ja! Duft Teelichter Vanille 18 Stück;179;18 Stück
2025-09-19;7647161;ja!;ja! Duft-Müllbeutel mit Tragegriff 35l Limette 30 Stück;149;30 Stück
2025-09-19;8686126;ja!;ja! Duftglas Rote Früchte;199;1 Stück
2025-09-19;8686936;ja!;ja! Duftlichte Rote Früchte 18 Stück;179;18 Stück
2025-09-19;298424;ja!;ja! Edelsalami 500g;445;500g (1 kg = 8,90 €)
2025-09-19;2135703;ja!;ja! Edle Matjesfilets Nordische Art 251g;179;251g (1 kg = 7,13 €)
2025-09-19;8475648;ja!;ja! Eis Walnuss 1000ml;199;1000ml
2025-09-19;8354622;ja!;ja! Eis am Stiel Fruit Surfer 6x60ml;199;360ml (1 l = 5,53 €)
2025-09-19;9942568;ja!;ja! Eis am Stiel Mandel Maxi 6x100ml;329;6x100ml (1 l = 5,48 €)
2025-09-19;7122458;ja!;ja! Eis am Stiel Mini Classic Mix 12x50ml;299;12x50ml (1 l = 4,98 €)
2025-09-19;7701010;ja!;ja! Eis am Stiel Nougat Crusher 6x68ml;199;6x68ml (1 l = 4,88 €)
2025-09-19;5910480;ja!;ja! Eiscreme Bourbon-Vanille 2500ml;349;2500ml (1 l = 1,40 €)
2025-09-19;8988033;ja!;ja! Eiskratzer;199;1 Stück
2025-09-19;1037883;ja!;ja! Eistee Pfirsich 6x1,5l;474;6x1,50l (1 l = 0,53 €)
2025-09-19;7862416;ja!;ja! Eistee Pfirsich zero 6x1,5l;474;6x1,50l (1 l = 0,53 €)
2025-09-19;1037880;ja!;ja! Eistee Zitrone 6x1,5l;474;6x1,50l (1 l = 0,53 €)
2025-09-19;8403948;ja!;ja! Elektronische Feuerzeuge 3 Stück;75;3 Stück
2025-09-19;3016679;ja!;ja! Emmentaler 250g;279;250g (1 kg = 11,16 €)
2025-09-19;3025313;ja!;ja! Emmentaler am Stück 400g;399;400g (1 kg = 9,98 €)
2025-09-19;8322056;ja!;ja! Erbsen extra fein 3x140g;159;3x420g (1 kg = 3,79 €)
2025-09-19;8335038;ja!;ja! Erbsen sehr fein mit Möhren sehr fein 265g;89;265g (1 kg = 3,36 €)
2025-09-19;570608;ja!;ja! Erbseneintopf mit Rauchspeck 800g;149;800g (1 kg = 1,86 €)
2025-09-19;7892381;ja!;ja! Erdnuss-Flips 200g;99;200g (1 kg = 4,95 €)
2025-09-19;7571397;ja!;ja! Erdnussbutter Creamy 350g;189;350g (1 kg = 5,40 €)
2025-09-19;7570803;ja!;ja! Erdnussbutter Crunchy 350g;189;350g (1 kg = 5,40 €)
2025-09-19;2310347;ja!;ja! Erdnüsse geröstet & gesalzen 200g;99;200g (1 kg = 4,95 €)
2025-09-19;7677614;ja!;ja! Erdnüsse in der Schale 400g;229;400g (1 kg = 5,73 €)
2025-09-19;7004010;ja!;ja! Erdnüsse pikant gewürzt 150g;89;150g (1 kg = 5,93 €)
2025-09-19;9998530;ja!;ja! Erythrit 500g;365;500g (1 kg = 7,30 €)
2025-09-19;7900645;ja!;ja! Essigreiniger 1l;75;1l
2025-09-19;6243827;ja!;ja! Extra löslicher Kaffee 200g;599;200g (1 kg = 29,95 €)
2025-09-19;1110889;ja!;ja! Family Cappuccino 500g;349;500g (1 kg = 6,98 €)
2025-09-19;3279207;ja!;ja! Feine Hundesticks mit Kalb 8x11g;95;8x11g (1 kg = 10,80 €)
2025-09-19;8245234;ja!;ja! Feine Speisestärke reine Maisstärke 400g;89;400g (1 kg = 2,23 €)
2025-09-19;2166155;ja!;ja! Feiner Brotaufstrich Eiersalat 150g;129;150g (1 kg = 8,60 €)
2025-09-19;1125029;ja!;ja! Feinstrumpfhosen 20 DEN Gr. 38-40 Make Up matt 2 Stück;249;2 Stück
2025-09-19;1125035;ja!;ja! Feinstrumpfhosen 20 DEN Gr. 42-44 Make Up matt 2 Stück;249;2 Stück
2025-09-19;8606032;ja!;ja! Fenchel Anis Kümmel Tee 50g, 25 Beutel;119;50g (1 kg = 23,80 €)
2025-09-19;754434;ja!;ja! Fettarmer Joghurt mild 1,5% Fett 500g;89;500g (1 kg = 1,78 €)
2025-09-19;588221;ja!;ja! Feuchte Allzwecktücher Limonen-Frische 80 Stück;149;80 Stück
2025-09-19;8439989;ja!;ja! Feuchte Bodentücher für glatte Böden 15 Stück;189;15 Stück
2025-09-19;6540147;ja!;ja! Fischstäbchen 450g, 15 Stück;249;450g (1 kg = 5,53 €)
2025-09-19;8888131;ja!;ja! Fleischbällchen-Topf 800g;299;800g (1 kg = 3,74 €)
2025-09-19;2270571;ja!;ja! Fleischbällchen-Topf mit Tomaten & Nudeln 800g;299;800g (1 kg = 3,74 €)
2025-09-19;7009739;ja!;ja! Fleischwurst 650g;349;650g (1 kg = 5,37 €)
2025-09-19;8111262;ja!;ja! Forellenfilet natur 125g;249;125g (1 kg = 19,92 €)
2025-09-19;6980295;ja!;ja! Französischer Weichkäse 200g;189;200g (1 kg = 9,45 €)
2025-09-19;8164649;ja!;ja! Frikadellen verzehrfertig 500g;299;500g (1 kg = 5,98 €)
2025-09-19;4509650;ja!;ja! Frikadellenbällchen 500g;299;500g (1 kg = 5,98 €)
2025-09-19;7937888;ja!;ja! Frische Eier aus Bodenhaltung 10 Stück;199;10 Stück
2025-09-19;2411378;ja!;ja! Frische Eierspätzle 500g;179;500g (1 kg = 3,58 €)
2025-09-19;139976;ja!;ja! Frische Hähnchenschenkel ca. 1130g;544;1 Stück ca. 1130 g (1 kg = 4,81 €)
2025-09-19;2865690;ja!;ja! Frische Vollmilch 3,5% 1l;109;1l
2025-09-19;2865662;ja!;ja! Frische fettarme Milch 1,5% 1l;99;1l
2025-09-19;8656774;ja!;ja! Frischeiwaffeln 250g;149;250g (1 kg = 5,96 €)
2025-09-19;2105216;ja!;ja! Frischhaltefolie 75m;110;75m (1 m  = 0,01 €)
2025-09-19;2421597;ja!;ja! Frischkäse Natur Doppelrahmstufe 300g;169;300g (1 kg = 5,63 €)
2025-09-19;7964577;ja!;ja! Frittieröl 2l;449;2l (1 l = 2,25 €)
2025-09-19;1203693;ja!;ja! Fruchtcocktail 4x70g;179;280g (1 kg = 6,39 €)
2025-09-19;8025570;ja!;ja! Fruchtschnitten Waldfrucht 150g;149;150g (1 kg = 9,93 €)
2025-09-19;7794958;ja!;ja! Fruit Rings 500g;249;500g (1 kg = 4,98 €)
2025-09-19;7777815;ja!;ja! Frühlingsrollen mit Gemüse 400g;279;400g (1 kg = 6,98 €)
2025-09-19;7779581;ja!;ja! Frühlingsrollen mit Hähnchen 400g;279;400g (1 kg = 6,98 €)
2025-09-19;7913504;ja!;ja! Frühstücksbeutel 120 Stück;50;120 Stück
2025-09-19;2565946;ja!;ja! Garnelen á la Provence 250g;349;250g (1 kg = 13,96 €)
2025-09-19;7600959;ja!;ja! Geflügel Bratwurst 400g;349;400g (1 kg = 8,73 €)
2025-09-19;8890957;ja!;ja! Geflügel Wiener 400g;299;400g (1 kg = 7,48 €)
2025-09-19;942067;ja!;ja! Geflügel-Mortadella 200g;129;200g (1 kg = 6,45 €)
2025-09-19;990026;ja!;ja! Geflügel-Salami mit Pflanzenfett 200g;189;200g (1 kg = 9,45 €)
2025-09-19;8503685;ja!;ja! Geflügelsalami geräuchert 130g;219;130g (1 kg = 16,85 €)
2025-09-19;7834991;ja!;ja! Geflügelsalat 200g;169;200g (1 kg = 8,45 €)
2025-09-19;7644737;ja!;ja! Gefrierbeutel 6l 41 Stück;125;41 Stück
2025-09-19;8599735;ja!;ja! Gelee Bananen 250g;199;250g (1 kg = 7,96 €)
2025-09-19;8613805;ja!;ja! Geleefrüchte 250g;199;250g (1 kg = 7,96 €)
2025-09-19;8428056;ja!;ja! Geriebener Emmentaler 45% Fett 250g;199;250g (1 kg = 7,96 €)
2025-09-19;8426184;ja!;ja! Geriebener Gouda 48% Fett 250g;199;250g (1 kg = 7,96 €)
2025-09-19;8426697;ja!;ja! Geriebener Gratin- und Pizzakäse 250g;199;250g (1 kg = 7,96 €)
2025-09-19;8439178;ja!;ja! Geriebener Mozzarella 250g;199;250g (1 kg = 7,96 €)
2025-09-19;9899828;ja!;ja! Geschirr-Reiniger Tabs All-in-1 850g 40 Tabs;395;850g (1 kg = 4,65 €)
2025-09-19;8595918;ja!;ja! Glasreiniger Ocean 1l;95;1l
2025-09-19;592755;ja!;ja! Gnocchi di Patate 500g;99;500g (1 kg = 1,98 €)
2025-09-19;3151583;ja!;ja! Gold entkoffeiniert 100g;395;100g (1 kg = 39,50 €)
2025-09-19;2597847;ja!;ja! Gouda Holland jung am Stück 450g;419;450g (1 kg = 9,31 €)
2025-09-19;7718951;ja!;ja! Gouda Holland mittelalt 450g;469;450g (1 kg = 10,42 €)
2025-09-19;6337279;ja!;ja! Gouda jung 48% Fett 400g;299;400g (1 kg = 7,48 €)
2025-09-19;6337252;ja!;ja! Gouda mittelalt 300g;299;300g (1 kg = 9,97 €)
2025-09-19;8628968;ja!;ja! Grillanzünder Flüssig 1l;279;1l
2025-09-19;8876424;ja!;ja! Grüne Erbsen mit Suppengrün 530g;119;530g (1 kg = 2,25 €)
2025-09-19;8015460;ja!;ja! Grüne Peperoni gefüllt 150g;199;150g (1 kg = 13,27 €)
2025-09-19;3070776;ja!;ja! H-Milch 1,5% 1l;99;1l
2025-09-19;3072549;ja!;ja! H-Milch 3,5% 1l;109;1l
2025-09-19;6509355;ja!;ja! H-Schlagsahne 200g;99;200g (1 kg = 4,95 €)
2025-09-19;5900174;ja!;ja! Hackfleisch gemischt 500g;489;500g (1 kg = 9,78 €)
2025-09-19;7857273;ja!;ja! Hafergebäck 600g;399;600g (1 kg = 6,65 €)
2025-09-19;8964757;ja!;ja! Halbfettmargarine 500g;119;500g (1 kg = 2,38 €)
2025-09-19;8341415;ja!;ja! Hamburger 1kg, 12 Patties;1098;1000g
2025-09-19;8568267;ja!;ja! Hamburger Brötchen 6 Stück 300g;99;300g (1 kg = 3,30 €)
2025-09-19;7847175;ja!;ja! Hartweizengriess 500g;69;500g (1 kg = 1,38 €)
2025-09-19;7924797;ja!;ja! Harzer Käse Mini 115g;139;115g (1 kg = 12,09 €)
2025-09-19;7003736;ja!;ja! Harzer Rolle 200g;189;200g (1 kg = 9,45 €)
2025-09-19;9094858;ja!;ja! Haselnuss Gebäck mit Cremefüllung 250g;125;250g (1 kg = 5 €)
2025-09-19;1008581;ja!;ja! Haselnusskerne ganz 200g;369;200g (1 kg = 18,45 €)
2025-09-19;1008586;ja!;ja! Haselnusskerne gemahlen 200g;369;200g (1 kg = 18,45 €)
2025-09-19;7957031;ja!;ja! Hauchzarter Hinterschinken gebacken 150g;189;150g (1 kg = 12,60 €)
2025-09-19;7942901;ja!;ja! Hauchzartes Hähnchenbrustfilet gepökelt, gebacken 150g;209;150g (1 kg = 13,93 €)
2025-09-19;7802963;ja!;ja! Haushaltshandschuhe Gr. L 1 Paar;59;1 Stück
2025-09-19;8741968;ja!;ja! Haushaltshandschuhe Gr. M 1 Paar;59;1 Stück
2025-09-19;7795284;ja!;ja! Haushaltskerzen rot 10 Stück;249;10 Stück
2025-09-19;8754081;ja!;ja! Haushaltskerzen weiß 10 Stück;249;10 Stück
2025-09-19;8537447;ja!;ja! Haushaltsschwamm 9 Stück;99;9 Stück
2025-09-19;3156246;ja!;ja! Herzhaftes Ragout mit Rind & Nudeln 300g;69;300g (1 kg = 2,30 €)
2025-09-19;2886776;ja!;ja! Hirtenkäse 250g;189;250g (1 kg = 7,56 €)
2025-09-19;891929;ja!;ja! Honey Wheats 750g;249;750g (1 kg = 3,32 €)
2025-09-19;7914493;ja!;ja! Hot Dog Rolls 250g;99;250g (1 kg = 3,96 €)
2025-09-19;9957532;ja!;ja! Hot Dogs mit Gouda 200g;279;200g (1 kg = 13,95 €)
2025-09-19;8859653;ja!;ja! Hummus natur vegan 200g;99;200g (1 kg = 4,95 €)
2025-09-19;2025506;ja!;ja! Hundesticks Geflügel 8x11g;95;8x11g (1 kg = 10,80 €)
2025-09-19;2025522;ja!;ja! Hundesticks Rind 8x11g;95;8x11g (1 kg = 10,80 €)
2025-09-19;2025529;ja!;ja! Hundesticks mit Wild 8x11g;95;8x11g (1 kg = 10,80 €)
2025-09-19;9850837;ja!;ja! Hygienespüler Sensitiv 1,5l 20WL;129;1,50l (1 l = 0,86 €)
2025-09-19;7955894;ja!;ja! Hähnchen;659;1 Stück ca. 1100 g (1 kg = 5,99 €)
2025-09-19;7879677;ja!;ja! Hähnchen Drumsticks BBQ Texas Style 750g;399;750g (1 kg = 5,32 €)
2025-09-19;2198857;ja!;ja! Hähnchen Filetsteaks 400g;529;400g (1 kg = 13,23 €)
2025-09-19;8371596;ja!;ja! Hähnchen Filetstreifen 250g;299;250g (1 kg = 11,96 €)
2025-09-19;8540960;ja!;ja! Hähnchen Flügel ohne Spitze 480g;278;1 Stück ca. 480 g (1 kg = 5,80 €)
2025-09-19;8361755;ja!;ja! Hähnchen Mini Schnitzel 500g;399;500g (1 kg = 7,98 €)
2025-09-19;8611852;ja!;ja! Hähnchen Schnitzel XXL 500g;449;500g (1 kg = 8,98 €)
2025-09-19;8468236;ja!;ja! Hähnchen-Brustfilet 600g;679;600g (1 kg = 11,32 €)
2025-09-19;7980552;ja!;ja! Hähnchen-Innenbrustfilet 400g;499;400g (1 kg = 12,48 €)
2025-09-19;3252334;ja!;ja! Hähnchenbrustfilet Paprika 150g;249;150g (1 kg = 16,60 €)
2025-09-19;2198745;ja!;ja! Hähnchenschenkel natur 1kg;399;1000g
2025-09-19;2202616;ja!;ja! Hähnchenschnitten Cordon Bleu 500g;499;500g (1 kg = 9,98 €)
2025-09-19;8573928;ja!;ja! Hähnchenschnitzel 300g;329;300g (1 kg = 10,97 €)
2025-09-19;7196141;ja!;ja! Hörnchen Frischei Nudeln 500g;119;500g (1 kg = 2,38 €)
2025-09-19;2239595;ja!;ja! Jaffa Cake Orange 300g;199;300g (1 kg = 6,63 €)
2025-09-19;6387918;ja!;ja! Jagdwurst 200g;129;200g (1 kg = 6,45 €)
2025-09-19;8350407;ja!;ja! Jasmin Reis 1kg;249;1000g
2025-09-19;8601073;ja!;ja! Joghurt Dressing 250ml;99;250ml (1 l = 3,96 €)
2025-09-19;8514626;ja!;ja! Joghurt Griechischer Art Natur 4x150g;149;4x600g (1 kg = 2,48 €)
2025-09-19;8600575;ja!;ja! Joghurt Light Dressing 250ml;99;250ml (1 l = 3,96 €)
2025-09-19;754432;ja!;ja! Joghurt mild 0,1% 500g;89;500g (1 kg = 1,78 €)
2025-09-19;8324448;ja!;ja! Joghurt mild 3,5 % Fett 500g;99;500g (1 kg = 1,98 €)
2025-09-19;9045552;ja!;ja! Jumbo Fries 1kg;179;1000g
2025-09-19;8985374;ja!;ja! Junge Erbsen sehr fein 1kg;239;1000g
2025-09-19;7691883;ja!;ja! Kaffe Klassik 40 Pads, 280g;539;280g (1 kg = 19,25 €)
2025-09-19;7691945;ja!;ja! Kaffee Pads 280g, 40 Pads;539;280g (1 kg = 19,25 €)
2025-09-19;2755729;ja!;ja! Kaffee-Filter Größe 4, 100 Stück;79;NaN
2025-09-19;7690248;ja!;ja! Kaffeepads mild 40 Stück, 280g;539;280g (1 kg = 19,25 €)
2025-09-19;8187738;ja!;ja! Kaffeesahne 20x10g;99;200g (1 kg = 4,95 €)
2025-09-19;8187754;ja!;ja! Kaffeeweißer 250g;159;250g (1 kg = 6,36 €)
2025-09-19;2290204;ja!;ja! Kaisergemüse 1kg;239;1000g
2025-09-19;7257866;ja!;ja! Kakaopulver Instant 800g;429;800g (1 kg = 5,36 €)
2025-09-19;546026;ja!;ja! Kamillentee 37,5g, 25 Beutel;89;37,50g (1 kg = 23,73 €)
2025-09-19;7999173;ja!;ja! Karteikarten DIN A6 100 Stück;249;100 Stück
2025-09-19;8553081;ja!;ja! Kartoffel Wedges 750g;179;750g (1 kg = 2,39 €)
2025-09-19;7923861;ja!;ja! Kartoffelpuffer 600g;179;600g (1 kg = 2,98 €)
2025-09-19;7848693;ja!;ja! Kartoffelpüree mit Röstzwiebeln und Croûtons 59g;89;59g (1 kg = 15,08 €)
2025-09-19;7089413;ja!;ja! Kartoffeltaschen Frischkäse-Kräuter-Füllung 600g, 10 Stück;249;600g (1 kg = 4,15 €)
2025-09-19;210205;ja!;ja! Katzenfutter Feine Häppchen 4 Sorten 8x100g;240;8x100g (1 kg = 3 €)
2025-09-19;210260;ja!;ja! Katzenfutter Feine Pasteten 4 Sorten 8x100g;240;8x100g (1 kg = 3 €)
2025-09-19;8059113;ja!;ja! Kaugummi white Minze zuckerfrei 50 Stück;155;50 Stück
2025-09-19;1395504;ja!;ja! Kaustreifen mit Rind 20 Stück;59;200g (1 kg = 2,95 €)
2025-09-19;9157630;ja!;ja! Kefir Natur 500g;89;500g (1 kg = 1,78 €)
2025-09-19;1913987;ja!;ja! Kernige Haferflocken 500g;69;500g (1 kg = 1,38 €)
2025-09-19;7814109;ja!;ja! Kichererbsen 265g;59;265g (1 kg = 2,23 €)
2025-09-19;8867056;ja!;ja! Kichererbsen 390g;149;390g (1 kg = 3,82 €)
2025-09-19;914670;ja!;ja! Kidney-Bohnen rot 255g;69;255g (1 kg = 2,71 €)
2025-09-19;2565945;ja!;ja! King Prawns Garnelen 225g;349;225g (1 kg = 15,51 €)
2025-09-19;2737743;ja!;ja! Knabberbox 300g;169;300g (1 kg = 5,63 €)
2025-09-19;2360956;ja!;ja! Knoblauchbutter-Baguette 175g;99;175g (1 kg = 5,66 €)
2025-09-19;8024719;ja!;ja! Knusper Müsli Schoko 600g;229;600g (1 kg = 3,82 €)
2025-09-19;8395317;ja!;ja! Knusper Müsli weniger süss 600g;229;600g (1 kg = 3,82 €)
2025-09-19;7891291;ja!;ja! Knusperfilet im Backteig 400g;279;400g (1 kg = 6,98 €)
2025-09-19;9929445;ja!;ja! Knusperkissen Käse & Huhn 150g;95;150g (1 kg = 6,33 €)
2025-09-19;9930759;ja!;ja! Knusperkissen Lachs 150g;95;150g (1 kg = 6,33 €)
2025-09-19;9015171;ja!;ja! Knäckebrot Sesam 250g;139;250g (1 kg = 5,56 €)
2025-09-19;1008594;ja!;ja! Kokosraspeln 200g;149;200g (1 kg = 7,45 €)
2025-09-19;7642029;ja!;ja! Komfort Toilettenpapier 3-lagig 10x220 Blatt;395;10x220 Stück
2025-09-19;8192570;ja!;ja! Kondensmilch 4% Fett 340g;79;340g (1 kg = 2,32 €)
2025-09-19;6621155;ja!;ja! Kondensmilch 7,5% Fett 340g;89;340g (1 kg = 2,62 €)
2025-09-19;1956646;ja!;ja! Kosmetikeimer-Beutel 75 Stück;65;75 Stück
2025-09-19;6322379;ja!;ja! Kroketten 750g;179;750g (1 kg = 2,39 €)
2025-09-19;2421604;ja!;ja! Kräuter-Frischkäse 300g;169;300g (1 kg = 5,63 €)
2025-09-19;6714161;ja!;ja! Kräuterbutter-Baguette 175g;99;175g (1 kg = 5,66 €)
2025-09-19;8484216;ja!;ja! Kugelschreiber blau 4 Stück;199;4 Stück
2025-09-19;2030321;ja!;ja! Käse-Gebäckstangen 150g;159;150g (1 kg = 10,60 €)
2025-09-19;7149379;ja!;ja! Käseaufschnitt 250g;219;250g (1 kg = 8,76 €)
2025-09-19;2296035;ja!;ja! Käseaufschnitt leicht 250g;219;250g (1 kg = 8,76 €)
2025-09-19;8291601;ja!;ja! Käsesnack Gouda Maasdamer 220g;289;220g (1 kg = 13,14 €)
2025-09-19;2045420;ja!;ja! Königsberger Klopse 450g;229;450g (1 kg = 5,09 €)
2025-09-19;7030814;ja!;ja! Körniger Frischkäse Halbfettstufe 200g;119;200g (1 kg = 5,95 €)
2025-09-19;8081196;ja!;ja! Küchenmesser 2 Stück;199;2 Stück
2025-09-19;7862977;ja!;ja! Küchentücher 4x128 Blatt;275;4x128 Stück
2025-09-19;8639885;ja!;ja! LED Kerze E14 470 Lumen 40 Watt 2 Stück;499;2 Stück
2025-09-19;8643461;ja!;ja! LED Leuchtmittel E27 1055 Lumen 75 Watt 2 Stück;599;2 Stück
2025-09-19;7861437;ja!;ja! LED Leuchtmittel G9 320 Lumen 26 Watt 1 Stück;399;1 Stück
2025-09-19;6343066;ja!;ja! Lachsfilet 250g;549;250g (1 kg = 21,96 €)
2025-09-19;7249172;ja!;ja! Lachsforelle 100g;299;100g (1 kg = 29,90 €)
2025-09-19;8307611;ja!;ja! Landschinken luftgetrocknet 150g;225;150g (1 kg = 15 €)
2025-09-19;1062430;ja!;ja! Langkorn-Spitzenreis im Kochbeutel 4x125g;99;4x125g (1 kg = 1,98 €)
2025-09-19;1007001;ja!;ja! Lasagne Bolognese 1kg;399;1kg
2025-09-19;2269278;ja!;ja! Lasagne Bolognese 400g;199;400g (1 kg = 4,98 €)
2025-09-19;8484122;ja!;ja! Lasagne Gemüse 400g;199;400g (1 kg = 4,98 €)
2025-09-19;2464033;ja!;ja! Latte Espresso 250ml;75;250ml (1 l = 3 €)
2025-09-19;2462970;ja!;ja! Latte Macchiato 250ml;75;250ml (1 l = 3 €)
2025-09-19;7722035;ja!;ja! Latte Macchiato weniger süß 250ml;75;250ml (1 l = 3 €)
2025-09-19;2888923;ja!;ja! Leberwurst fein 175g;139;175g (1 kg = 7,94 €)
2025-09-19;7818635;ja!;ja! Linsen mit Suppengrün 530g;119;530g (1 kg = 2,25 €)
2025-09-19;9986095;ja!;ja! Linseneintopf vegan 800g;189;800g (1 kg = 2,36 €)
2025-09-19;7668461;ja!;ja! Lungo Intenso 20 Kapseln, 100g;399;100g (1 kg = 39,90 €)
2025-09-19;2223785;ja!;ja! Löffelbiskuit 400g;149;400g (1 kg = 3,73 €)
2025-09-19;6337295;ja!;ja! Maasdamer 300g;269;300g (1 kg = 8,97 €)
2025-09-19;8002548;ja!;ja! Macadamia geröstet & gesalzen 125g;269;125g (1 kg = 21,52 €)
2025-09-19;7197142;ja!;ja! Maccronelli Frischei Nudeln 500g;119;500g (1 kg = 2,38 €)
2025-09-19;8483301;ja!;ja! Makkaroni Auflauf 400g;199;400g (1 kg = 4,98 €)
2025-09-19;7011210;ja!;ja! Mandarin-Orangen 175g;89;175g (1 kg = 5,09 €)
2025-09-19;1008576;ja!;ja! Mandeln ganze Kerne 200g;299;200g (1 kg = 14,95 €)
2025-09-19;1008584;ja!;ja! Mandeln gehackt 100g;149;100g (1 kg = 14,90 €)
2025-09-19;1008585;ja!;ja! Mandeln gehobelt 100g;149;100g (1 kg = 14,90 €)
2025-09-19;1008588;ja!;ja! Mandeln gemahlen 200g;299;200g (1 kg = 14,95 €)
2025-09-19;1008582;ja!;ja! Mandeln gestiftelt 100g;149;100g (1 kg = 14,90 €)
2025-09-19;7799478;ja!;ja! Margherita Mini Pizza 360g;249;360g (1 kg = 6,92 €)
2025-09-19;5883121;ja!;ja! Markenbutter mild gesäuert 250g;179;250g (1 kg = 7,16 €)
2025-09-19;8155103;ja!;ja! Mascarpone 250g;229;250g (1 kg = 9,16 €)
2025-09-19;7835907;ja!;ja! Maxi Teelichter 12 Stück;349;12 Stück
2025-09-19;8602560;ja!;ja! Meersalz 110g;99;110g (1 kg = 9 €)
2025-09-19;7914158;ja!;ja! Mehrkornbrötchen 8 Stück 560g;129;560g (1 kg = 2,30 €)
2025-09-19;1374472;ja!;ja! Mett-Enden geräuchert 300g;279;300g (1 kg = 9,30 €)
2025-09-19;9971307;ja!;ja! Mignonwaffeln vegan 400g;299;400g (1 kg = 7,48 €)
2025-09-19;7774531;ja!;ja! Milch Schoko & Keks Sticks 90g;149;90g (1 kg = 16,56 €)
2025-09-19;2107010;ja!;ja! Milchreis 500g;99;500g (1 kg = 1,98 €)
2025-09-19;7164812;ja!;ja! Milchreis mit Kirschen 400g;249;400g (1 kg = 6,23 €)
2025-09-19;8125487;ja!;ja! Milder Röstkaffee 500g;699;500g (1 kg = 13,98 €)
2025-09-19;9004553;ja!;ja! Milky Sticks Vanille 8x42ml;119;8x336ml (1 l = 0,44 €)
2025-09-19;7682608;ja!;ja! Mini Berliner 300g;299;300g (1 kg = 9,97 €)
2025-09-19;7659604;ja!;ja! Mini Brotchips Knoblauch 250g;179;250g (1 kg = 7,16 €)
2025-09-19;9940657;ja!;ja! Mini Chinois mit Cremefüllung 6 Stück 300g;299;300g
2025-09-19;8038378;ja!;ja! Mini Cordon Bleu 400g;399;400g (1 kg = 9,98 €)
2025-09-19;8066826;ja!;ja! Mini Mozzarella 125g;129;125g (1 kg = 10,32 €)
2025-09-19;8168436;ja!;ja! Mini Mozzarella Light 250g;129;125g (1 kg = 10,32 €)
2025-09-19;7928306;ja!;ja! Mini Pizza Salami 360g;249;360g (1 kg = 6,92 €)
2025-09-19;8401219;ja!;ja! Mini Schokoriegel Mix 500g;349;500g (1 kg = 6,98 €)
2025-09-19;8481166;ja!;ja! Mini Textmarker 4 Stück;299;4 Stück
2025-09-19;2407834;ja!;ja! Mini Wiener Würstchen 2x160g;259;2x160g (1 kg = 8,09 €)
2025-09-19;165932;ja!;ja! Mini-Brezeln 250g;99;250g (1 kg = 3,96 €)
2025-09-19;2318701;ja!;ja! Mini-Geflügelfrikadellen 500g;319;500g (1 kg = 6,38 €)
2025-09-19;2146675;ja!;ja! Mini-Windbeutel 250g;149;250g (1 kg = 5,96 €)
2025-09-19;891930;ja!;ja! Mini-Zimtos 750g;249;750g (1 kg = 3,32 €)
2025-09-19;8434947;ja!;ja! Mozzarella 125g;85;125g (1 kg = 6,80 €)
2025-09-19;9027434;ja!;ja! Mozzarella Maxi Rolle 330g;129;200g (1 kg = 6,45 €)
2025-09-19;8836740;ja!;ja! Mozzarella Sticks 250g;219;250g (1 kg = 8,76 €)
2025-09-19;7801213;ja!;ja! Mozzarella light 125g;85;125g (1 kg = 6,80 €)
2025-09-19;8084761;ja!;ja! Muffinförmchen 200 Stück weiß;199;200 Stück
2025-09-19;8667375;ja!;ja! Muffins Schoko & Stracciatella 360g;189;360g (1 kg = 5,25 €)
2025-09-19;8595091;ja!;ja! Multivitaminsaft 6x1l;870;6x1l (1 l = 1,45 €)
2025-09-19;2773176;ja!;ja! Müllbeutel mit Tragegriff 50l 20 Stück;55;20 Stück
2025-09-19;119149;ja!;ja! Müllbeutel mit Zugband 60l, 30 Stück;165;30 Stück
2025-09-19;1947887;ja!;ja! Mülleimer-Beutel + Tragegriff 35l, 25 Stück;119;25 Stück
2025-09-19;1098419;ja!;ja! Mülleimer-Beutel mit Tragegriff 25l, 30 Stück;65;30 Stück
2025-09-19;8083764;ja!;ja! Müllsäcke 30l mit Zugband 25 Stück;199;NaN
2025-09-19;8303970;ja!;ja! Müllsäcke 60l mit Zugbeutel 25 Stück;249;25 Stück
2025-09-19;7224856;ja!;ja! Müsli-Riegel Schokolade-Banane 8x25g;129;8x25g (1 kg = 6,45 €)
2025-09-19;8051487;ja!;ja! Nasi Goreng 750g;349;750g (1 kg = 4,65 €)
2025-09-19;420386;ja!;ja! Natives Olivenöl extra 750ml;599;750ml (1 l = 7,99 €)
2025-09-19;9112460;ja!;ja! Neapolitaner Waffeln 4x65g;139;4x65g (1 kg = 5,35 €)
2025-09-19;7959110;ja!;ja! Nougat Hörnchen 240g;159;240g (1 kg = 6,63 €)
2025-09-19;891928;ja!;ja! Nougat-Bits 750g;249;750g (1 kg = 3,32 €)
2025-09-19;7693773;ja!;ja! Nudel Frikadellen Pfanne 600g;299;600g (1 kg = 4,98 €)
2025-09-19;8726700;ja!;ja! Nudeltopf in Rahmsauce 63g;89;63g (1 kg = 14,13 €)
2025-09-19;3151703;ja!;ja! Nusskernmischung naturell ungesalzen & ungeröstet 200g;299;200g (1 kg = 14,95 €)
2025-09-19;7709655;ja!;ja! Nussmix geröstet und gesalzen 150g;139;150g (1 kg = 9,27 €)
2025-09-19;7776207;ja!;ja! Nut Flakes 750g;249;750g (1 kg = 3,32 €)
2025-09-19;2949713;ja!;ja! Ofenkäse würzig 180g;229;180g (1 kg = 12,72 €)
2025-09-19;9851541;ja!;ja! Onigiri Chicken-Teriyaki 100g;219;100g (1 kg = 21,90 €)
2025-09-19;9067754;ja!;ja! Onion Rings 250g;219;250g (1 kg = 8,76 €)
2025-09-19;518913;ja!;ja! Orangen-Limonade 6x1,5l;390;6x1,50l (1 l = 0,43 €)
2025-09-19;7226202;ja!;ja! Orangenlimonade 0% Zucker 6x1,5l;390;6x1,50l (1 l = 0,43 €)
2025-09-19;8582624;ja!;ja! Orangennektar 6x1,5l;1074;6x1,50l (1 l = 1,19 €)
2025-09-19;8596615;ja!;ja! Orangensaft 6x1l;1194;6x1l (1 l = 1,99 €)
2025-09-19;8309744;ja!;ja! Original Nürnberger Rostbratwürstchen 300g;329;300g (1 kg = 10,97 €)
2025-09-19;9967582;ja!;ja! Packband braun 66m x 50mm;299;1 Stück
2025-09-19;9953470;ja!;ja! Packband transparent 66m x 50mm;299;1 Stück
2025-09-19;8455387;ja!;ja! Paella Pfanne mit Meeresfrüchten, Seelachsfilet und Hähnchenbrust 750g;349;750g (1 kg = 4,65 €)
2025-09-19;5905605;ja!;ja! Paniermehl 1kg;159;1000g
2025-09-19;6953115;ja!;ja! Paprika Chips 200g;109;200g (1 kg = 5,45 €)
2025-09-19;7227868;ja!;ja! Parboiled Spitzenreis Langkornreis 1kg;159;1000g
2025-09-19;7224493;ja!;ja! Party-Nüsse Paprika 200g;129;200g (1 kg = 6,45 €)
2025-09-19;9901873;ja!;ja! Peanut Snack 300g;229;300g (1 kg = 7,63 €)
2025-09-19;7857524;ja!;ja! Penne Gorgonzola mit feinem Blattspinat 750g;299;750g (1 kg = 3,99 €)
2025-09-19;688014;ja!;ja! Penne Rigate 500g;79;500g (1 kg = 1,58 €)
2025-09-19;8100989;ja!;ja! Pesto Rosso 190g;99;190g (1 kg = 5,21 €)
2025-09-19;8101877;ja!;ja! Pesto Verde 190g;99;190g (1 kg = 5,21 €)
2025-09-19;7920165;ja!;ja! Pfeffer Mühle schwarz ganz 50g;99;50g (1 kg = 19,80 €)
2025-09-19;546040;ja!;ja! Pfefferminztee 56g, 25 Beutel;89;56,25g (1 kg = 15,82 €)
2025-09-19;7163656;ja!;ja! Pflanzencreme 500ml;149;500ml (1 l = 2,98 €)
2025-09-19;2325000;ja!;ja! Pinienkerne 50g;229;50g (1 kg = 45,80 €)
2025-09-19;3182684;ja!;ja! Pistazien geröstet & gesalzen 250g;349;250g (1 kg = 13,96 €)
2025-09-19;8884094;ja!;ja! Pistazien geröstet & ungesalzen 250g;349;250g (1 kg = 13,96 €)
2025-09-19;8995446;ja!;ja! Pistazienkerne geröstet & ungesalzen vegan 100g;399;100g (1 kg = 39,90 €)
2025-09-19;8288407;ja!;ja! Pizza Salami 3x350g;399;3x350g (1 kg = 3,80 €)
2025-09-19;8623800;ja!;ja! Pizza Teig XXL 550g;129;550g (1 kg = 2,35 €)
2025-09-19;9035193;ja!;ja! Pommes Frites Feinschnitt 1kg;169;1000g
2025-09-19;2123526;ja!;ja! Pommes Frites Wellenschnitt 1kg;169;1000g
2025-09-19;7097534;ja!;ja! Prinzessbohnen 1000g;239;1000g
2025-09-19;8457317;ja!;ja! Prospekthüllen DINA4 matt 30 Stück;119;30 Stück
2025-09-19;8130280;ja!;ja! Präge-Servietten weiß 100 Stück;99;100 Stück
2025-09-19;7877621;ja!;ja! Pute-Ei Sandwich 185g;199;185g (1 kg = 10,76 €)
2025-09-19;9939987;ja!;ja! Puten-Schnitzel 500g;649;500g (1 kg = 12,98 €)
2025-09-19;5966590;ja!;ja! Putenbrustfilet 100g;149;100g (1 kg = 14,90 €)
2025-09-19;9097966;ja!;ja! Putenbrustfilet frisch ca. 800g;949;1 Stück ca. 800 g (1 kg = 11,86 €)
2025-09-19;7942517;ja!;ja! Putenbrustfilet gepökelt, gebacken 150g;209;150g (1 kg = 13,93 €)
2025-09-19;5249473;ja!;ja! Raffinade-Zucker 1kg;89;1000g
2025-09-19;207470;ja!;ja! Rahmspinat 450g;89;450g (1 kg = 1,98 €)
2025-09-19;8433245;ja!;ja! Reibekäse leicht 30% Fett 250g;199;250g (1 kg = 7,96 €)
2025-09-19;5724546;ja!;ja! Reine Buttermilch 500g;59;500g (1 kg = 1,18 €)
2025-09-19;7049625;ja!;ja! Reines Pflanzenfett 1kg;279;1000g
2025-09-19;6801447;ja!;ja! Reines Rapsöl 1l;149;1l
2025-09-19;1312921;ja!;ja! Remoulade 500ml;159;500ml (1 l = 3,18 €)
2025-09-19;7978794;ja!;ja! Rinder-Hackfleisch 500g;619;500g (1 kg = 12,38 €)
2025-09-19;2432136;ja!;ja! Rindfleisch-Hamburger 400g;549;400g (1 kg = 13,73 €)
2025-09-19;7667576;ja!;ja! Ristretto 100g, 20 Kapseln;399;100g (1 kg = 39,90 €)
2025-09-19;7125770;ja!;ja! Rosenkohl tiefgefroren 1kg;239;1000g
2025-09-19;7105464;ja!;ja! Rote Bete Scheiben 430g;109;430g (1 kg = 2,53 €)
2025-09-19;8671841;ja!;ja! Rote Grütze 500g;219;500g (1 kg = 4,38 €)
2025-09-19;8705451;ja!;ja! Rote Paprika in Streifen 165g;99;165g (1 kg = 6 €)
2025-09-19;349396;ja!;ja! Rotkohl 650g;119;650g (1 kg = 1,83 €)
2025-09-19;7621888;ja!;ja! Rührteig-Tortenboden 300g;179;300g (1 kg = 5,97 €)
2025-09-19;7163701;ja!;ja! Saftige Brocken 3 Sorten 1240g;149;1240g (1 kg = 1,20 €)
2025-09-19;7180200;ja!;ja! Saftige Brocken mit Geflügel 1240g;149;1240g (1 kg = 1,20 €)
2025-09-19;3156228;ja!;ja! Saftige Pastete mit Rind & Leber 300g;69;300g (1 kg = 2,30 €)
2025-09-19;3156235;ja!;ja! Saftige Pastete mit Wild & Geflügel 300g;69;300g (1 kg = 2,30 €)
2025-09-19;7938679;ja!;ja! Sahne Pudding Schoko 200g;49;200g (1 kg = 2,45 €)
2025-09-19;8529987;ja!;ja! Sahne Pudding Vanillegeschmack 200g;49;200g (1 kg = 2,45 €)
2025-09-19;7204582;ja!;ja! Sahne-Heringsfilets 400g;199;400g (1 kg = 4,98 €)
2025-09-19;8295809;ja!;ja! Sahnesteif 5x8g;39;5x8g (1 kg = 9,75 €)
2025-09-19;8939449;ja!;ja! Salami Baguette 125g;299;6x125g (1 kg = 3,99 €)
2025-09-19;7043484;ja!;ja! Salami Sticks Classic 100g;199;100g (1 kg = 19,90 €)
2025-09-19;6878636;ja!;ja! Salzstangen mit Meersalz 250g;69;250g (1 kg = 2,76 €)
2025-09-19;7122765;ja!;ja! Sandwich Eis Classic 8x90ml;199;8x90ml (1 l = 2,76 €)
2025-09-19;7121696;ja!;ja! Sandwich Eis Fürst Pückler Art 8x90ml;199;8x90ml (1 l = 2,76 €)
2025-09-19;7011318;ja!;ja! Sauerkirschen entsteint & gezuckert 350g;319;350g (1 kg = 9,11 €)
2025-09-19;4507940;ja!;ja! Saure Sahne 200g;69;200g (1 kg = 3,45 €)
2025-09-19;8100477;ja!;ja! Schaschlikspieße 20cm 125 Stück;149;125 Stück
2025-09-19;8895117;ja!;ja! Schinkenbockwurst 500g;375;500g (1 kg = 7,50 €)
2025-09-19;6387934;ja!;ja! Schinkenwurst 200g;99;200g (1 kg = 4,95 €)
2025-09-19;6320406;ja!;ja! Schinkenwürfel 2x125g;239;2x125g (1 kg = 9,56 €)
2025-09-19;64840;ja!;ja! Schlagsahne 200g;99;200g (1 kg = 4,95 €)
2025-09-19;8187819;ja!;ja! Schmand 200g;99;200g (1 kg = 4,95 €)
2025-09-19;43593;ja!;ja! Schmelzkäse sahnig 200g;169;200g (1 kg = 8,45 €)
2025-09-19;8130752;ja!;ja! Schmelzkäsescheiben Allgäuer Art 250g;179;250g (1 kg = 7,16 €)
2025-09-19;8231192;ja!;ja! Schmelzkäsescheiben Toast 250g;179;250g (1 kg = 7,16 €)
2025-09-19;8135665;ja!;ja! Schmelzkäsescheiben mit Chester 250g;179;250g (1 kg = 7,16 €)
2025-09-19;7971810;ja!;ja! Schnellhefter A4 in 10 Farben 10 Stück;209;10 Stück
2025-09-19;9903504;ja!;ja! Schoko Müsli 750g;229;750g (1 kg = 3,05 €)
2025-09-19;8989043;ja!;ja! Schoko-Spritzgebäck 250g;159;250g (1 kg = 6,36 €)
2025-09-19;2724101;ja!;ja! Schokolade Ganze Nuss 100g;139;100g (1 kg = 13,90 €)
2025-09-19;7091553;ja!;ja! Schokorosinen 200g;169;200g (1 kg = 8,45 €)
2025-09-19;2411380;ja!;ja! Schupfnudeln 500g;179;500g (1 kg = 3,58 €)
2025-09-19;702501;ja!;ja! Schwammtuch 5 Stück;85;5 Stück
2025-09-19;7009593;ja!;ja! Schwarzwälder Schinken 200g;249;200g (1 kg = 12,45 €)
2025-09-19;8038162;ja!;ja! Schweine Mini Schnitzel 400g;399;400g (1 kg = 9,98 €)
2025-09-19;8501490;ja!;ja! Schweine Pfannengyros 500g;479;500g (1 kg = 9,58 €)
2025-09-19;8489310;ja!;ja! Schweine Schnitzel Wiener Art 750g;599;750g (1 kg = 7,99 €)
2025-09-19;5490332;ja!;ja! Schweine-Bratwurst grob 4x100g;289;400g (1 kg = 7,23 €)
2025-09-19;1437254;ja!;ja! Schweine-Geschnetzeltes nach Gyros-Art 500g;429;500g (1 kg = 8,58 €)
2025-09-19;2080731;ja!;ja! Schweine-Minutensteaks aus dem Rücken 400g;379;400g (1 kg = 9,48 €)
2025-09-19;2234973;ja!;ja! Schweine-Nackenkotelett 4 Stück, 700g;499;700g (1 kg = 7,13 €)
2025-09-19;2080727;ja!;ja! Schweine-Schinkenschnitzel;599;600g (1 kg = 9,98 €)
2025-09-19;2314012;ja!;ja! Schweine-Stielkotelett 700g;499;700g (1 kg = 7,13 €)
2025-09-19;7702698;ja!;ja! Schweinefilet ca. 580g;724;1 Stück ca. 580 g (1 kg = 12,49 €)
2025-09-19;3155797;ja!;ja! Semmelknödel 6er 200g;99;200g (1 kg = 4,95 €)
2025-09-19;7895784;ja!;ja! Senf-Honig Dressing 250ml;99;250ml (1 l = 3,96 €)
2025-09-19;875402;ja!;ja! Servietten champagner 30 Stück;75;30 Stück
2025-09-19;6966314;ja!;ja! Servietten rot 30 Stück;75;30 Stück
2025-09-19;8130620;ja!;ja! Servietten weiß 30 Stück;75;1 Stück
2025-09-19;8521348;ja!;ja! Skyr Bourbon-Vanille 500g;169;500g (1 kg = 3,38 €)
2025-09-19;8245760;ja!;ja! Skyr Natur 500g;149;500g (1 kg = 2,98 €)
2025-09-19;7774209;ja!;ja! Snow Flakes 750g;249;750g (1 kg = 3,32 €)
2025-09-19;5805210;ja!;ja! Sonnenblumenmargarine 500g;159;500g (1 kg = 3,18 €)
2025-09-19;6928242;ja!;ja! Sonnenblumenöl 1l;169;1l
2025-09-19;8832074;ja!;ja! Sonntagsbrötchen 560g;129;560g (1 kg = 2,30 €)
2025-09-19;8923624;ja!;ja! Spaghetti Bolognese 350g;249;350g (1 kg = 7,11 €)
2025-09-19;8924618;ja!;ja! Spaghetti Carbonara 350g;249;350g (1 kg = 7,11 €)
2025-09-19;2309834;ja!;ja! Spaghetti Eis 3x167ml;179;3x170ml (1 l = 3,51 €)
2025-09-19;8779675;ja!;ja! Spargelabschnitte mit Köpfen 170g;129;170g (1 kg = 7,59 €)
2025-09-19;8269673;ja!;ja! Sparschäler;199;1 Stück
2025-09-19;7845627;ja!;ja! Speiseeis nach Fürst Pückler Art 2500ml;349;2500ml (1 l = 1,40 €)
2025-09-19;9393935;ja!;ja! Speisequark 20% Fett i. Tr. 250g;79;250g (1 kg = 3,16 €)
2025-09-19;9394010;ja!;ja! Speisequark 250g;89;250g (1 kg = 3,56 €)
2025-09-19;7915060;ja!;ja! Speisequark Magerstufe 250g;69;250g (1 kg = 2,76 €)
2025-09-19;9393595;ja!;ja! Speisequark Magerstufe 500g;129;500g (1 kg = 2,58 €)
2025-09-19;8187959;ja!;ja! Sprühsahne 250ml;229;250ml (1 l = 9,16 €)
2025-09-19;8531592;ja!;ja! Sprühsahne Fettreduziert 250ml;229;250ml (1 l = 9,16 €)
2025-09-19;6564984;ja!;ja! Spätzle Frischei Nudeln 500g;139;500g (1 kg = 2,78 €)
2025-09-19;9932451;ja!;ja! Spülbürste rund;79;1 Stück
2025-09-19;8060267;ja!;ja! Spülmittel Acai Blaubeere 500ml;95;500ml (1 l = 1,90 €)
2025-09-19;8336275;ja!;ja! Spülmittel Sweet Orange 500ml;95;500ml (1 l = 1,90 €)
2025-09-19;6475973;ja!;ja! Stapelchips Paprika 175g;149;175g (1 kg = 8,51 €)
2025-09-19;1091822;ja!;ja! Stapelchips Sour Cream & Onion 175g;149;175g (1 kg = 8,51 €)
2025-09-19;8469409;ja!;ja! Staubwischer Set 1 Griff + 10 Bezüge 1 Stück;269;1 Stück
2025-09-19;7916381;ja!;ja! Steinofen Baguette 250g;119;250g (1 kg = 4,76 €)
2025-09-19;8089206;ja!;ja! Steinofen Pizza Margherita 3x300g;299;3x300g (1 kg = 3,32 €)
2025-09-19;8021080;ja!;ja! Steinofen Pizza Thunfisch 2x355g;349;2x355g (1 kg = 4,92 €)
2025-09-19;2662089;ja!;ja! Streichgut gesalzen 250g;159;250g (1 kg = 6,36 €)
2025-09-19;2662082;ja!;ja! Streichgut ungesalzen 250g;159;250g (1 kg = 6,36 €)
2025-09-19;8431040;ja!;ja! Streichhölzer 3er Pack 100 Stück;69;3x100 Stück
2025-09-19;2317787;ja!;ja! Studentenfutter vegan 200g;229;200g (1 kg = 11,45 €)
2025-09-19;7073947;ja!;ja! Super Sweet Gemüsemais 285g;99;285g (1 kg = 3,47 €)
2025-09-19;8994273;ja!;ja! Super-Soft Toilettenpapier 4-lagig 10x200 Blatt;495;10x200 Stück
2025-09-19;2290213;ja!;ja! Suppengemüse 1kg;149;1000g
2025-09-19;9703764;ja!;ja! Süßstoff Tabletten Spender 1200 Stück;95;1200 Stück
2025-09-19;7772289;ja!;ja! Süßstoff flüssig 300ml;99;300ml (1 l = 3,30 €)
2025-09-19;8043572;ja!;ja! Tafelsalz 500g;25;500g (1 kg = 0,50 €)
2025-09-19;9975615;ja!;ja! Tagliatelle Tomate-Spinat 750g;299;750g (1 kg = 3,99 €)
2025-09-19;7203709;ja!;ja! Taschentücher super-soft 4-lagig 15x10 Stück;175;15x10 Stück
2025-09-19;8881363;ja!;ja! Teegetränk Pfirsich 400g;189;400g (1 kg = 4,73 €)
2025-09-19;8356551;ja!;ja! Tellerset 6 Stück;249;1 Stück
2025-09-19;1979570;ja!;ja! Thai-Suppe 400ml;129;400ml (1 l = 3,23 €)
2025-09-19;8945706;ja!;ja! Thunfisch Filets in nativem Olivenöl extra 185g;169;185g (1 kg = 9,14 €)
2025-09-19;8622326;ja!;ja! Thunfisch Sandwich 185g;199;185g (1 kg = 10,76 €)
2025-09-19;8496746;ja!;ja! Thunfisch mit Gemüse in Dressing 150g;129;150g (1 kg = 8,60 €)
2025-09-19;2063281;ja!;ja! Thunfischfilets in Sonnenblumenöl 195g;129;140g (1 kg = 9,21 €)
2025-09-19;2063277;ja!;ja! Thunfischfilets in eigenem Saft geschnitten 150g;129;150g (1 kg = 8,60 €)
2025-09-19;8055493;ja!;ja! Tilsiter in Scheiben 400g;299;400g (1 kg = 7,48 €)
2025-09-19;3280994;ja!;ja! Tomate-Basilikum Pasta-Sauce 400g;145;400ml (1 l = 3,63 €)
2025-09-19;5636442;ja!;ja! Tomaten passiert 500g;65;500g (1 kg = 1,30 €)
2025-09-19;7291190;ja!;ja! Tomaten-Ketchup 500ml;129;500ml (1 l = 2,58 €)
2025-09-19;7724372;ja!;ja! Tomatenmark 140g;79;140g (1 kg = 5,64 €)
2025-09-19;8746686;ja!;ja! Tomatenmark 70g;49;70g (1 kg = 7 €)
2025-09-19;8515630;ja!;ja! Tortellini in Sahnesauce 400g;199;400g (1 kg = 4,98 €)
2025-09-19;8915608;ja!;ja! Tortelloni Käse-Sahne 750g;299;750g (1 kg = 3,99 €)
2025-09-19;688048;ja!;ja! Tortelloni Prosciutto 250g;99;250g (1 kg = 3,96 €)
2025-09-19;2272449;ja!;ja! Tortelloni Ricotta Spinat 250g;99;250g (1 kg = 3,96 €)
2025-09-19;8457946;ja!;ja! Tortenunterlagen 28cm 6 Stück;149;6 Stück
2025-09-19;2502892;ja!;ja! Tortilla Chips Nacho Cheese 300g;159;300g (1 kg = 5,30 €)
2025-09-19;3043322;ja!;ja! Tortilla Chips mit Salz 300g;159;300g (1 kg = 5,30 €)
2025-09-19;1478286;ja!;ja! Trockenbackhefe 6x7g;79;6x7g (1 kg = 18,81 €)
2025-09-19;8972047;ja!;ja! Türkischer Apfel Tee 62,5g 25 Beutel;169;62,50g (1 kg = 27,04 €)
2025-09-19;8281200;ja!;ja! Universalverschlüsse 10 Stück;149;10 Stück
2025-09-19;8370556;ja!;ja! Vanille Haselnuss Hörnchen 6 Stück;219;6x120ml (1 l = 3,04 €)
2025-09-19;1478252;ja!;ja! Vanillinzucker 15x8g;45;15x8g (1 kg = 3,75 €)
2025-09-19;8089931;ja!;ja! Versandtasche B4 ohne Fenster haftklebend 10 Stück;249;10 Stück
2025-09-19;8090834;ja!;ja! Versandtaschen DIN C4 ohne Fenster 10 Stück;219;10 Stück
2025-09-19;706663;ja!;ja! Vlies- und Scheuertuch;69;1 Stück
2025-09-19;7734626;ja!;ja! Vollkorn Tortillas 372g;129;372g (1 kg = 3,47 €)
2025-09-19;8357472;ja!;ja! Vollkorntoastbrot 500g;79;500g (1 kg = 1,58 €)
2025-09-19;7698252;ja!;ja! Vollmilch Schoko Waffelröllchen 125g;199;125g (1 kg = 15,92 €)
2025-09-19;8912235;ja!;ja! Vollmilch Schokokeks 125g;159;125g (1 kg = 12,72 €)
2025-09-19;8909742;ja!;ja! Vollmilch Schokowaffeln 175g;289;175g (1 kg = 16,51 €)
2025-09-19;5880459;ja!;ja! Vollmilch-Joghurt 4x150g;99;4x150g (1 kg = 1,65 €)
2025-09-19;8152779;ja!;ja! Vollwaschmittel 1,1l 20WL;315;1,10l (1 l = 2,86 €)
2025-09-19;9861111;ja!;ja! WC Duftsteine Lemon 2x48g;95;2x48g (1 kg = 9,90 €)
2025-09-19;8421295;ja!;ja! WC-Reiniger Tabs 400g;179;400g (1 kg = 4,48 €)
2025-09-19;201434;ja!;ja! Waffelröllchen 200g;199;200g (1 kg = 9,95 €)
2025-09-19;8605199;ja!;ja! Waldbeere Tee 62,5g, 25 Beutel;139;62,50g (1 kg = 22,24 €)
2025-09-19;1008842;ja!;ja! Walnüsse ganze Kerne 200g;359;200g (1 kg = 17,95 €)
2025-09-19;7678412;ja!;ja! Walnüsse in der Schale 500g;249;500g (1 kg = 4,98 €)
2025-09-19;7848384;ja!;ja! Weichweizengriess 500g;69;500g (1 kg = 1,38 €)
2025-09-19;8842634;ja!;ja! Weizen Tortillas 372g;129;372g (1 kg = 3,47 €)
2025-09-19;6729550;ja!;ja! Weizenmehl Type 405 1kg;59;1000g
2025-09-19;547663;ja!;ja! Weiße Schokolade 100g;129;100g (1 kg = 12,90 €)
2025-09-19;8036008;ja!;ja! Western Pfanne 750g;349;750g (1 kg = 4,65 €)
2025-09-19;2655152;ja!;ja! Wiener Würstchen 400g;319;8x50g (1 kg = 7,98 €)
2025-09-19;901819;ja!;ja! Wildlachsfilet tiefgefroren 2x125g;369;250g (1 kg = 14,76 €)
2025-09-19;6353606;ja!;ja! Würfelzucker 1kg;129;1kg
2025-09-19;8100302;ja!;ja! Zahnstocher 450 Stück;179;450 Stück
2025-09-19;7695822;ja!;ja! Zartbitter Schokokeks 125g;159;125g (1 kg = 12,72 €)
2025-09-19;6261175;ja!;ja! Zartbitter-Schokolade 100g;129;100g (1 kg = 12,90 €)
2025-09-19;6343171;ja!;ja! Zarte Haferflocken 500g;69;500g (1 kg = 1,38 €)
2025-09-19;2815942;ja!;ja! Zaziki 500g;165;500g (1 kg = 3,30 €)
2025-09-19;8078567;ja!;ja! Ziegenkäse in Scheiben Laktosefrei 150g;259;150g (1 kg = 17,27 €)
2025-09-19;518816;ja!;ja! Zitronen-Limonade 6x1,5l;390;6x1,50l (1 l = 0,43 €)
2025-09-19;7226874;ja!;ja! Zitronenlimonade 0% Zucker 6x1,5l;390;6x1,50l (1 l = 0,43 €)
2025-09-19;713079;ja!;ja! Zitronentee löslich 400g;189;400g (1 kg = 4,73 €)
2025-09-19;7981351;ja!;ja! entrahmte H-Milch 1l;99;1l
2025-09-19;1033906;REWE;Cherry Romatomaten 250g;99;250g (1 kg = 3,96 €)
2025-09-19;7777542;REWE;Deine REWE Tafel-Spende;500;1 Stück
2025-09-19;1045889;REWE;Krause Petersilie im Topf;189;1 Stück
2025-09-19;9013548;REWE;REWE Water+ Apfel Kiwi 0,5l;99;0,50l (1 l = 1,98 €)
2025-09-19;7629527;REWE;REWE Water+ Himbeer-Grapefruit 0,5l;99;0,50l (1 l = 1,98 €)
2025-09-19;1930502;REWE Bio;Bio Banane ca. 200g;40;1 Stück ca. 200 g (1 kg = 1,99 €)
2025-09-19;2745102;REWE Bio;REWE Bio + vegan Aufstrich Mango-Papaya-Curry 180g;125;180g (1 kg = 6,94 €)
2025-09-19;585224;REWE Bio;REWE Bio + vegan Barista Hafer-Soja Drink 1l;135;1l
2025-09-19;7647231;REWE Bio;REWE Bio + vegan Bio Backmischung Banana Bread 350g;259;350g (1 kg = 7,40 €)
2025-09-19;8987471;REWE Bio;REWE Bio + vegan Bio Backmischung Zimtschnecken 497g;299;497g (1 kg = 6,02 €)
2025-09-19;9120040;REWE Bio;REWE Bio + vegan Bio Gemüse Quinoa Ecken 200g;259;200g (1 kg = 12,95 €)
2025-09-19;8705015;REWE Bio;REWE Bio + vegan Chili sin Carne 400g;195;400g (1 kg = 4,88 €)
2025-09-19;8865250;REWE Bio;REWE Bio + vegan Edamame & Erbsen Streichcreme 180g;125;180g (1 kg = 6,94 €)
2025-09-19;8893877;REWE Bio;REWE Bio + vegan Eiersatz 15g;79;15g (1 kg = 52,67 €)
2025-09-19;7250357;REWE Bio;REWE Bio + vegan Falafel Trockenmischung 175g;129;175g (1 kg = 7,37 €)
2025-09-19;8324188;REWE Bio;REWE Bio + vegan Falafelbällchen 200g;229;200g (1 kg = 11,45 €)
2025-09-19;9076290;REWE Bio;REWE Bio + vegan Geliermittel 3x6g;149;3x6g (1 kg = 82,78 €)
2025-09-19;8699735;REWE Bio;REWE Bio + vegan Gemüseravioli 400g;229;400g (1 kg = 5,73 €)
2025-09-19;9977615;REWE Bio;REWE Bio + vegan Gulaschsuppe 400g;199;380ml (1 kg = 4,98 €)
2025-09-19;8655182;REWE Bio;REWE Bio + vegan Hafer Drink glutenfrei 1l;149;1l
2025-09-19;8644883;REWE Bio;REWE Bio + vegan Hafer Drink ohne Zucker 1l;90;1l
2025-09-19;2587736;REWE Bio;REWE Bio + vegan Hafer Drink ohne Zuckerzusatz 1l;90;1l
2025-09-19;9909212;REWE Bio;REWE Bio + vegan Hafercreme Cuisine 200ml;79;200ml (1 l = 3,95 €)
2025-09-19;8774648;REWE Bio;REWE Bio + vegan Hummus Natur 200g;149;200g (1 kg = 7,45 €)
2025-09-19;7741450;REWE Bio;REWE Bio + vegan Hummus pikant 200g;149;200g (1 kg = 7,45 €)
2025-09-19;7781674;REWE Bio;REWE Bio + vegan Jackfruit natur 230g;179;230g (1 kg = 7,78 €)
2025-09-19;8167502;REWE Bio;REWE Bio + vegan Kekse & Waffeln 250g;299;250g (1 kg = 11,96 €)
2025-09-19;7963454;REWE Bio;REWE Bio + vegan Kokos Natur 400g;145;400g (1 kg = 3,63 €)
2025-09-19;8778407;REWE Bio;REWE Bio + vegan Kokos Reis Drink 1l;135;1l
2025-09-19;8090294;REWE Bio;REWE Bio + vegan Mandel Drink Natur 1l;179;1l
2025-09-19;8879026;REWE Bio;REWE Bio + vegan No Muhh Haferdrink vegan 1l;125;1l
2025-09-19;2587749;REWE Bio;REWE Bio + vegan Reis Drink Natur 1l;149;1l
2025-09-19;7981357;REWE Bio;REWE Bio + vegan Remoulade 250g;199;250ml (1 l = 7,96 €)
2025-09-19;8583362;REWE Bio;REWE Bio + vegan Räucher-Tofu 2x175g;219;2x175g (1 kg = 6,26 €)
2025-09-19;9886986;REWE Bio;REWE Bio + vegan Räuchertofu Mandel-Sesam 200g;189;200g (1 kg = 9,45 €)
2025-09-19;2717529;REWE Bio;REWE Bio + vegan Salat-Mayo 250ml;199;250ml (1 l = 7,96 €)
2025-09-19;7868590;REWE Bio;REWE Bio + vegan Schokolade Ganze Haselnuss 100g;199;100g (1 kg = 19,90 €)
2025-09-19;8595387;REWE Bio;REWE Bio + vegan Schweizer Nougat & Crisp 100g;199;100g (1 kg = 19,90 €)
2025-09-19;585223;REWE Bio;REWE Bio + vegan Soja Drink 1l;95;1l
2025-09-19;7147843;REWE Bio;REWE Bio + vegan Soja Natur 500g;139;500g (1 kg = 2,78 €)
2025-09-19;7794856;REWE Bio;REWE Bio + vegan Soja Schnetzel 150g;185;150g (1 kg = 12,33 €)
2025-09-19;8041184;REWE Bio;REWE Bio + vegan Sojacreme Cuisine 200ml;79;200ml (1 l = 3,95 €)
2025-09-19;9049353;REWE Bio;REWE Bio + vegan Streichcreme Cashew & Kräuter 180g;125;180g (1 kg = 6,94 €)
2025-09-19;9944821;REWE Bio;REWE Bio + vegan Streichcreme Paprika & Quinoa 180g;125;180g (1 kg = 6,94 €)
2025-09-19;8215577;REWE Bio;REWE Bio + vegan Streichcreme Paprika, Kichererbse & Chili 180g;125;180g (1 kg = 6,94 €)
2025-09-19;2745086;REWE Bio;REWE Bio + vegan Streichcreme Paprika, Tomate, Zucchini & Aubergine 180g;125;180g (1 kg = 6,94 €)
2025-09-19;2746694;REWE Bio;REWE Bio + vegan Streichcreme Rote Bete-Meerrettich 180g;125;180g (1 kg = 6,94 €)
2025-09-19;9147180;REWE Bio;REWE Bio + vegan Streichcreme Senf + Agave 180g;125;180g (1 kg = 6,94 €)
2025-09-19;9144270;REWE Bio;REWE Bio + vegan Streichcreme Süßkartoffel Dattel Curry 180g;125;180g (1 kg = 6,94 €)
2025-09-19;8446878;REWE Bio;REWE Bio + vegan Streichcreme Tomate, Paprika, Belugalinse & Balsamico 180g;125;180g (1 kg = 6,94 €)
2025-09-19;8144700;REWE Bio;REWE Bio + vegan Tahini Hummus 150g;199;150g (1 kg = 13,27 €)
2025-09-19;7905813;REWE Bio;REWE Bio + vegan Tofu Natur 2x200g;219;2x200g (1 kg = 5,48 €)
2025-09-19;8907732;REWE Bio;REWE Bio + vegan Tomatensauce Bolognese 350g;189;350g (1 kg = 5,40 €)
2025-09-19;184647;REWE Bio;REWE Bio 6-Kräuter 50g;99;50g (1 kg = 19,80 €)
2025-09-19;201396;REWE Bio;REWE Bio Aceto Balsamico 500ml;249;500ml (1 l = 4,98 €)
2025-09-19;940075;REWE Bio;REWE Bio Agavendicksaft 250ml;179;250ml (1 l = 7,16 €)
2025-09-19;360671;REWE Bio;REWE Bio Ahornsirup 250ml;499;250ml (1 l = 19,96 €)
2025-09-19;8755778;REWE Bio;REWE Bio Akazienhonig 350g;599;350g (1 kg = 17,11 €)
2025-09-19;7290602;REWE Bio;REWE Bio Alpenkräuter Eistee 0,75l;119;0,75l (1 l = 1,59 €)
2025-09-19;8441023;REWE Bio;REWE Bio Apfel Birne Erdbeere 90g;59;90g (1 kg = 6,56 €)
2025-09-19;9098094;REWE Bio;REWE Bio Apfel-Aprikosenmark 360g;119;360g (1 kg = 3,31 €)
2025-09-19;208864;REWE Bio;REWE Bio Apfel-Bananenmark 360g;115;360g (1 kg = 3,19 €)
2025-09-19;8923180;REWE Bio;REWE Bio Apfel-Birnenmark 360g;115;360g (1 kg = 3,19 €)
2025-09-19;7956127;REWE Bio;REWE Bio Apfel-Brombeer-Himbeermark 360g;159;360g (1 kg = 4,42 €)
2025-09-19;8015081;REWE Bio;REWE Bio Apfel-Mango Saft 1l;229;1l
2025-09-19;208863;REWE Bio;REWE Bio Apfel-Mangomark 360g;115;360g (1 kg = 3,19 €)
2025-09-19;8467434;REWE Bio;REWE Bio Apfelchips 70g;249;70g (1 kg = 35,57 €)
2025-09-19;208859;REWE Bio;REWE Bio Apfelmark 700g;149;700g (1 kg = 2,13 €)
2025-09-19;7604362;REWE Bio;REWE Bio Apfelmus 360g;85;360g (1 kg = 2,36 €)
2025-09-19;7650152;REWE Bio;REWE Bio Apfelrotkohl 680g;149;650g (1 kg = 2,19 €)
2025-09-19;8387482;REWE Bio;REWE Bio Apfelsaft naturtrüb 1l;179;1l
2025-09-19;7292476;REWE Bio;REWE Bio Apfelschorle naturtrüb 0,75l;125;0,75l (1 l = 1,67 €)
2025-09-19;8861892;REWE Bio;REWE Bio Artischocken gegrillt 180g;349;180g (1 kg = 19,39 €)
2025-09-19;2228245;REWE Bio;REWE Bio Asia Sauce süß-sauer 325ml;199;325ml (1 l = 6,12 €)
2025-09-19;2228247;REWE Bio;REWE Bio Asia-Sauce Thai-Curry 325ml;199;325ml (1 l = 6,12 €)
2025-09-19;2333554;REWE Bio;REWE Bio Avocado 1 Stück;199;1 Stück
2025-09-19;8756269;REWE Bio;REWE Bio Avocado Gewürzzubereitung 30g;269;30g (1 kg = 89,67 €)
2025-09-19;9881633;REWE Bio;REWE Bio Ayran 250ml;65;250ml (1 l = 2,60 €)
2025-09-19;8231031;REWE Bio;REWE Bio Baby Mais Hirse Flips 30g;79;30g (1 kg = 26,33 €)
2025-09-19;7606570;REWE Bio;REWE Bio Bacon 100g;199;100g (1 kg = 19,90 €)
2025-09-19;9829850;REWE Bio;REWE Bio Bacon-Würfel Schwein 100g;199;100g (1 kg = 19,90 €)
2025-09-19;7584607;REWE Bio;REWE Bio Baguette Salami 80g;199;80g (1 kg = 24,88 €)
2025-09-19;8745443;REWE Bio;REWE Bio Baked Beans 400g;179;400g (1 kg = 4,48 €)
2025-09-19;3018245;REWE Bio;REWE Bio Bananenchips gesüßt 300g;249;300g (1 kg = 8,30 €)
2025-09-19;7639373;REWE Bio;REWE Bio Basmati Expressreis 250g;149;250g (1 kg = 5,96 €)
2025-09-19;8277708;REWE Bio;REWE Bio Beeren Crunchy 500g;279;500g (1 kg = 5,58 €)
2025-09-19;8341949;REWE Bio;REWE Bio Beerenmix tiefgefroren 300g;319;300g (1 kg = 10,63 €)
2025-09-19;974656;REWE Bio;REWE Bio Beerenmüsli 500g;229;500g (1 kg = 4,58 €)
2025-09-19;7170158;REWE Bio;REWE Bio Beluga Linsen 500g;259;500g (1 kg = 5,18 €)
2025-09-19;505322;REWE Bio;REWE Bio Bergkäse 150g;239;150g (1 kg = 15,93 €)
2025-09-19;7168777;REWE Bio;REWE Bio Berglinsen 500g;145;500g (1 kg = 2,90 €)
2025-09-19;204047;REWE Bio;REWE Bio Bierschinken 70g;169;70g (1 kg = 24,14 €)
2025-09-19;8288250;REWE Bio;REWE Bio Bircher-Müsli 500g;299;500g (1 kg = 5,98 €)
2025-09-19;1093362;REWE Bio;REWE Bio Birnen 500g;299;500g (1 kg = 5,98 €)
2025-09-19;7294456;REWE Bio;REWE Bio Blattspinat 100g;169;100g (1 kg = 16,90 €)
2025-09-19;7226966;REWE Bio;REWE Bio Blütenhonig 350g;259;350g (1 kg = 7,40 €)
2025-09-19;9027759;REWE Bio;REWE Bio Blütenhonig Cremig 350g;259;350g (1 kg = 7,40 €)
2025-09-19;7616035;REWE Bio;REWE Bio Blütenhonig flüssig 500g;389;500g (1 kg = 7,78 €)
2025-09-19;8739580;REWE Bio;REWE Bio Bonbons Ingwer & Honig 75g;119;75g (1 kg = 15,87 €)
2025-09-19;7840879;REWE Bio;REWE Bio Bonbons Orange & Kurkuma 75g;119;75g (1 kg = 15,87 €)
2025-09-19;8046482;REWE Bio;REWE Bio Bourbon Vanille Zucker 8g;299;4x8g (1 kg = 93,44 €)
2025-09-19;1287110;REWE Bio;REWE Bio Bratwurst grob 300g;649;300g (1 kg = 21,63 €)
2025-09-19;8985750;REWE Bio;REWE Bio Bratöl 750ml;275;750ml (1 l = 3,67 €)
2025-09-19;7602279;REWE Bio;REWE Bio Braune Linsen 265g;149;265g (1 kg = 5,62 €)
2025-09-19;9057280;REWE Bio;REWE Bio Braunes Mandelmus vegan 250g;599;250g (1 kg = 23,96 €)
2025-09-19;8611706;REWE Bio;REWE Bio Brechbohnen 185g;109;185g (1 kg = 5,89 €)
2025-09-19;742294;REWE Bio;REWE Bio Brechbohnen 450g;189;450g (1 kg = 4,20 €)
2025-09-19;2245231;REWE Bio;REWE Bio Broccoli 300g;249;400g (1 kg = 6,23 €)
2025-09-19;8042389;REWE Bio;REWE Bio Brot mit Sonnenblumenkernen 500g;239;500g (1 kg = 4,78 €)
2025-09-19;7171655;REWE Bio;REWE Bio Bulgur 500g;139;500g (1 kg = 2,78 €)
2025-09-19;7794507;REWE Bio;REWE Bio Bunter Pfeffer ganz 60g;299;60g (1 kg = 49,83 €)
2025-09-19;9873900;REWE Bio;REWE Bio Butterkäse Scheiben 200g;239;200g (1 kg = 11,95 €)
2025-09-19;901435;REWE Bio;REWE Bio Caffè Crema 219g, 30 Pads;389;210g (1 kg = 18,52 €)
2025-09-19;2557918;REWE Bio;REWE Bio Caffè Crema ganze Bohne 1kg;1545;1000g
2025-09-19;1323529;REWE Bio;REWE Bio Caffè Latte 250ml;99;250ml (1 l = 3,96 €)
2025-09-19;7677900;REWE Bio;REWE Bio Café Crema Gustoso ganze Bohnen 1000g;1575;1000g
2025-09-19;578901;REWE Bio;REWE Bio Camembert 150g;199;150g (1 kg = 13,27 €)
2025-09-19;278145;REWE Bio;REWE Bio Cappelletti Spinat-Ricotta 250g;219;250g (1 kg = 8,76 €)
2025-09-19;8340314;REWE Bio;REWE Bio Cappelletti Zitrone 250g;219;250g (1 kg = 8,76 €)
2025-09-19;3212382;REWE Bio;REWE Bio Cashew Cranberry Mix 250g;379;250g (1 kg = 15,16 €)
2025-09-19;39464;REWE Bio;REWE Bio Cashewkerne 250g;379;250g (1 kg = 15,16 €)
2025-09-19;8764037;REWE Bio;REWE Bio Cashewkerne Salz & Pfeffer geröstet 125g;269;125g (1 kg = 21,52 €)
2025-09-19;1947712;REWE Bio;REWE Bio Cassis Sirup 0,5l;329;0,50l (1 l = 6,58 €)
2025-09-19;8312738;REWE Bio;REWE Bio Champignons braun 250g;249;250g (1 kg = 9,96 €)
2025-09-19;8613784;REWE Bio;REWE Bio Champignons in Scheiben 170g;179;170g (1 kg = 10,53 €)
2025-09-19;2224358;REWE Bio;REWE Bio Cherry Romatomaten 250g;429;250g (1 kg = 17,16 €)
2025-09-19;8185452;REWE Bio;REWE Bio Chia-Samen 300g;185;300g (1 kg = 6,17 €)
2025-09-19;9851675;REWE Bio;REWE Bio Chili con Carne 400g;195;400g (1 kg = 4,88 €)
2025-09-19;8551498;REWE Bio;REWE Bio Cocktail-Würstchen 190g;349;190g (1 kg = 18,37 €)
2025-09-19;8084861;REWE Bio;REWE Bio Condimento Bianco 500ml;249;500ml (1 l = 4,98 €)
2025-09-19;9078265;REWE Bio;REWE Bio Cornflakes ungesüsst 375g;189;375g (1 kg = 5,04 €)
2025-09-19;1202493;REWE Bio;REWE Bio Cornichons 190g;259;190g (1 kg = 13,63 €)
2025-09-19;294337;REWE Bio;REWE Bio Couscous 500g;129;500g (1 kg = 2,58 €)
2025-09-19;946608;REWE Bio;REWE Bio Creamy Erdnussbutter 250g;199;250g (1 kg = 7,96 €)
2025-09-19;8098823;REWE Bio;REWE Bio Crema mit Aceto Balsamico 250ml;299;250ml (1 l = 11,96 €)
2025-09-19;9086786;REWE Bio;REWE Bio Curry Sauce Indische Art vegan 325ml;199;325ml (1 l = 6,12 €)
2025-09-19;577458;REWE Bio;REWE Bio Currypulver 50g;229;50g (1 kg = 45,80 €)
2025-09-19;7678937;REWE Bio;REWE Bio Das Pure 300g;185;300g (1 kg = 6,17 €)
2025-09-19;8664302;REWE Bio;REWE Bio Dattel-Erdnuss Riegel 3x30g;179;3x30g (1 kg = 19,89 €)
2025-09-19;9036587;REWE Bio;REWE Bio Deutscher Blütenhonig 250g;399;250g (1 kg = 15,96 €)
2025-09-19;1438494;REWE Bio;REWE Bio Dill 50g;99;50g (1 kg = 19,80 €)
2025-09-19;8060098;REWE Bio;REWE Bio Dinkel Doppelkeks 330g;205;330g (1 kg = 6,21 €)
2025-09-19;9026176;REWE Bio;REWE Bio Dinkel Flakes 400g;249;400g (1 kg = 6,23 €)
2025-09-19;3100603;REWE Bio;REWE Bio Dinkel-Vollkornmehl 1kg;139;1000g
2025-09-19;7888159;REWE Bio;REWE Bio Dinkelbrot 400g;269;400g (1 kg = 6,73 €)
2025-09-19;8860585;REWE Bio;REWE Bio Dinkelbrötchen 6 Stück 420g;249;420g (1 kg = 5,93 €)
2025-09-19;9026254;REWE Bio;REWE Bio Dinkelmehl 1050 1kg;139;1000g
2025-09-19;2304849;REWE Bio;REWE Bio Dinkelmehl Type 630 1kg;139;1000g
2025-09-19;8363050;REWE Bio;REWE Bio Edamame ohne Schote 300g;369;300g (1 kg = 12,30 €)
2025-09-19;8007642;REWE Bio;REWE Bio Edel-Bitter Schokolade 100g;185;100g (1 kg = 18,50 €)
2025-09-19;3009709;REWE Bio;REWE Bio Edel-Bitter-Schokolade 85% 100g;185;100g (1 kg = 18,50 €)
2025-09-19;1006852;REWE Bio;REWE Bio Edelvollmilch-Schokolade 100g;185;100g (1 kg = 18,50 €)
2025-09-19;7078288;REWE Bio;REWE Bio Eier Spitz und Bube 6 Stück;299;6 Stück
2025-09-19;7596027;REWE Bio;REWE Bio Eistee Pfirsich 0,5l;99;0,50l (1 l = 1,98 €)
2025-09-19;9067428;REWE Bio;REWE Bio Eistee Zitrone & Himbeere 0,5l;99;0,50l (1 l = 1,98 €)
2025-09-19;7788256;REWE Bio;REWE Bio Eiweißbrot mit Erbsen 250g;249;250g (1 kg = 9,96 €)
2025-09-19;200348;REWE Bio;REWE Bio Emmentaler 150g;239;150g (1 kg = 15,93 €)
2025-09-19;577900;REWE Bio;REWE Bio Emmentaler gerieben 150g;179;150g (1 kg = 11,93 €)
2025-09-19;7891436;REWE Bio;REWE Bio Erbsen 230g;149;230g (1 kg = 6,48 €)
2025-09-19;9847589;REWE Bio;REWE Bio Erbseneintopf vegan 800g;279;800g (1 kg = 3,49 €)
2025-09-19;7713845;REWE Bio;REWE Bio Erdnussbutter Crunchy vegan 250g;199;250g (1 kg = 7,96 €)
2025-09-19;8753645;REWE Bio;REWE Bio Erdnüsse gesalzen 150g;149;150g (1 kg = 9,93 €)
2025-09-19;8764704;REWE Bio;REWE Bio Espresso ganze Bohnen 1000g;1545;1000g
2025-09-19;7639176;REWE Bio;REWE Bio Express Getreide & Linsen 250g;149;250g (1 kg = 5,96 €)
2025-09-19;8998378;REWE Bio;REWE Bio Expressreis Vollkorn & Wildreis 250g;149;250g (1 kg = 5,96 €)
2025-09-19;8255376;REWE Bio;REWE Bio Fenchel-Anis-Kümmel Tee 40g;129;40g (1 kg = 32,25 €)
2025-09-19;8960794;REWE Bio;REWE Bio Feta 200g;265;200g (1 kg = 13,25 €)
2025-09-19;197877;REWE Bio;REWE Bio Fettarme H-Milch 1,5% 1l;115;1l
2025-09-19;8061857;REWE Bio;REWE Bio Finn Toasties 260g;95;260g (1 kg = 3,65 €)
2025-09-19;7578374;REWE Bio;REWE Bio Flapjack Beere Haferriegel 60g;149;60g (1 kg = 24,83 €)
2025-09-19;9093769;REWE Bio;REWE Bio Flapjack Schoko Haferriegel vegan 60g;149;60g (1 kg = 24,83 €)
2025-09-19;9914006;REWE Bio;REWE Bio Fleischkäse 100g;145;100g (1 kg = 14,50 €)
2025-09-19;8955318;REWE Bio;REWE Bio Fleischwurst 200g;299;200g (1 kg = 14,95 €)
2025-09-19;3064105;REWE Bio;REWE Bio Frische Backhefe 42g;59;42g (1 kg = 14,05 €)
2025-09-19;1912315;REWE Bio;REWE Bio Frische Buttermilch 500g;89;500g (1 kg = 1,78 €)
2025-09-19;197862;REWE Bio;REWE Bio Frische Weidemilch 1,5% 1l;125;1l
2025-09-19;197872;REWE Bio;REWE Bio Frische Weidemilch 3,8% 1l;135;1l
2025-09-19;200397;REWE Bio;REWE Bio Frischkäse Doppelrahmstufe 175g;139;175g (1 kg = 7,94 €)
2025-09-19;8674448;REWE Bio;REWE Bio Frischkäse mit Kräutern 175g;149;175g (1 kg = 8,51 €)
2025-09-19;940052;REWE Bio;REWE Bio Fruchtaufstrich Aprikose 250g;219;250g (1 kg = 8,76 €)
2025-09-19;940043;REWE Bio;REWE Bio Fruchtaufstrich Erdbeere 250g;219;250g (1 kg = 8,76 €)
2025-09-19;2195547;REWE Bio;REWE Bio Fruchtaufstrich Himbeere 250g;219;250g (1 kg = 8,76 €)
2025-09-19;9011626;REWE Bio;REWE Bio Fruchtpüree Apfel Banane 400g;179;400g (1 kg = 4,48 €)
2025-09-19;9015066;REWE Bio;REWE Bio Fruchtpüree Apfel Pfirsich Mango 400g;219;400g (1 kg = 5,48 €)
2025-09-19;8170636;REWE Bio;REWE Bio Fruchtschnitte Apfel vegan 150g;289;5x30g (1 kg = 19,27 €)
2025-09-19;8936906;REWE Bio;REWE Bio Fruchtschnitte Banane Maracuja 150g;289;150g (1 kg = 19,27 €)
2025-09-19;7547590;REWE Bio;REWE Bio Frühstücksdirektsaft 1l;259;1l
2025-09-19;7050770;REWE Bio;REWE Bio Fusilli Vollkorn Dinkel 500g;155;500g (1 kg = 3,10 €)
2025-09-19;8822460;REWE Bio;REWE Bio Garam Masala gemahlen 30g;259;30g (1 kg = 86,33 €)
2025-09-19;8659989;REWE Bio;REWE Bio Garnelen mediterrane Art 250g;779;250g (1 kg = 31,16 €)
2025-09-19;2439530;REWE Bio;REWE Bio Gartenkresse 1 Stück;59;1 Stück
2025-09-19;7829813;REWE Bio;REWE Bio Geflügel Wiener 200g;399;200g (1 kg = 19,95 €)
2025-09-19;7183743;REWE Bio;REWE Bio Geflügelbratwurst 160g;349;160g (1 kg = 21,81 €)
2025-09-19;7634526;REWE Bio;REWE Bio Geflügelfond 400g;219;400g (1 kg = 5,48 €)
2025-09-19;1267801;REWE Bio;REWE Bio Geflügelfrikadellen 200g;299;200g (1 kg = 14,95 €)
2025-09-19;1267875;REWE Bio;REWE Bio Geflügelhackbällchen 300g;499;300g (1 kg = 16,63 €)
2025-09-19;1396702;REWE Bio;REWE Bio Geflügelsalami mit Palmfett 70g;195;70g (1 kg = 27,86 €)
2025-09-19;9015821;REWE Bio;REWE Bio Gegrillte Artischocken 125g;269;125g (1 kg = 21,52 €)
2025-09-19;8360458;REWE Bio;REWE Bio Gemüsebrühe 140g;139;140g (1 kg = 9,93 €)
2025-09-19;7032815;REWE Bio;REWE Bio Gemüsebrühe 290g;289;290g (1 kg = 9,97 €)
2025-09-19;8589069;REWE Bio;REWE Bio Gemüsefond 400ml;219;400ml (1 l = 5,48 €)
2025-09-19;8607334;REWE Bio;REWE Bio Gemüsemais 230g;85;230g (1 kg = 3,70 €)
2025-09-19;9104609;REWE Bio;REWE Bio Gemüsepfanne nach französischer Art 600g;249;600g (1 kg = 4,15 €)
2025-09-19;9102082;REWE Bio;REWE Bio Gemüsepfanne nach mediterrraner Art 600g;249;600g (1 kg = 4,15 €)
2025-09-19;7633625;REWE Bio;REWE Bio Getrocknete Tomaten 125g;269;125g
2025-09-19;351098;REWE Bio;REWE Bio Gewürzgurken 360g;249;360g (1 kg = 6,92 €)
2025-09-19;1027200;REWE Bio;REWE Bio Gnocchi 300g;219;300g (1 kg = 7,30 €)
2025-09-19;7700464;REWE Bio;REWE Bio Goldhirse 800g;169;800g (1 kg = 2,11 €)
2025-09-19;200347;REWE Bio;REWE Bio Gouda 150g;199;150g (1 kg = 13,27 €)
2025-09-19;7715074;REWE Bio;REWE Bio Gouda Holland jung 250g;269;250g (1 kg = 10,76 €)
2025-09-19;7743850;REWE Bio;REWE Bio Gouda Mittelalt pikant 150g;279;150g (1 kg = 18,60 €)
2025-09-19;7814263;REWE Bio;REWE Bio Gouda gerieben 150g;179;150g (1 kg = 11,93 €)
2025-09-19;4623991;REWE Bio;REWE Bio Grapefruit 1 Stück;219;1 Stück
2025-09-19;1346550;REWE Bio;REWE Bio Grillfackeln ca. 300g;777;1 Stück ca. 300 g (1 kg = 25,90 €)
2025-09-19;281097;REWE Bio;REWE Bio Grüne Erbsen 500g;189;500g (1 kg = 3,78 €)
2025-09-19;8295555;REWE Bio;REWE Bio Grüne Oliven 180g;189;180g (1 kg = 10,50 €)
2025-09-19;7359497;REWE Bio;REWE Bio Gurke 1 Stück;179;1 Stück
2025-09-19;197889;REWE Bio;REWE Bio H-Vollmilch 3,8% 1l;125;1l
2025-09-19;1287065;REWE Bio;REWE Bio Hackfleisch gemischt zum Braten 400g;849;400g (1 kg = 21,23 €)
2025-09-19;7956836;REWE Bio;REWE Bio Hafer-Schoko Riegel 3x35g;189;3x35g (1 kg = 18 €)
2025-09-19;7205443;REWE Bio;REWE Bio Hafercookie 300g;149;300g (1 kg = 4,97 €)
2025-09-19;7206215;REWE Bio;REWE Bio Hafercookie Vollmilch 300g;329;300g (1 kg = 10,97 €)
2025-09-19;8877863;REWE Bio;REWE Bio Hafercookies Zartbitter vegan 300g;329;300g (1 kg = 10,97 €)
2025-09-19;7732292;REWE Bio;REWE Bio Haferflocken kernig 500g;85;500g (1 kg = 1,70 €)
2025-09-19;8933690;REWE Bio;REWE Bio Haferkleie 500g;189;500g (1 kg = 3,78 €)
2025-09-19;1267687;REWE Bio;REWE Bio Halbes Hähnchen 850g;1182;1 Stück ca. 850 g (1 kg = 13,90 €)
2025-09-19;7295583;REWE Bio;REWE Bio Hamburger vom Rind 250g;699;250g (1 kg = 27,96 €)
2025-09-19;8979084;REWE Bio;REWE Bio Himbeere Konfitüre extra 297g;169;330g (1 kg = 5,69 €)
2025-09-19;7827840;REWE Bio;REWE Bio Hirtenkäse 45% 200g;219;200g (1 kg = 10,95 €)
2025-09-19;1429367;REWE Bio;REWE Bio Hokkaido Kürbis ca. 1kg;229;1 Stück ca. 1000 g (1 kg = 2,29 €)
2025-09-19;2188055;REWE Bio;REWE Bio Hokkaido-Kürbis 450g;189;450g (1 kg = 4,20 €)
2025-09-19;1947997;REWE Bio;REWE Bio Holunderblütensirup 0,5l;299;0,50l (1 l = 5,98 €)
2025-09-19;7866921;REWE Bio;REWE Bio Holzofenpizza Spinat-Feta 410g;349;410g (1 kg = 8,51 €)
2025-09-19;8643029;REWE Bio;REWE Bio Holzofenpizza Vegetariana 410g;349;410g (1 kg = 8,51 €)
2025-09-19;7272521;REWE Bio;REWE Bio Honig-Dinkel gepufft 200g;179;200g (1 kg = 8,95 €)
2025-09-19;7033383;REWE Bio;REWE Bio Hähnchen Brustfilet Joghurt Knoblauch 320g;1117;1 Stück ca. 320 g (1 kg = 34,90 €)
2025-09-19;7034166;REWE Bio;REWE Bio Hähnchen Brustfilet Joghurt Paprika 320g;1117;1 Stück ca. 320 g (1 kg = 34,90 €)
2025-09-19;1268085;REWE Bio;REWE Bio Hähnchen Innenfilet Western Art;628;1 Stück ca. 180 g (1 kg = 34,90 €)
2025-09-19;1267674;REWE Bio;REWE Bio Hähnchen ca. 1,3kg;1677;1 Stück ca. 1300 g (1 kg = 12,90 €)
2025-09-19;1268079;REWE Bio;REWE Bio Hähnchen-Flügel 400g;396;1 Stück ca. 400 g (1 kg = 9,90 €)
2025-09-19;8397625;REWE Bio;REWE Bio Hähnchen-Lyoner70g;149;70g (1 kg = 21,29 €)
2025-09-19;7848294;REWE Bio;REWE Bio Hähnchenbrustfilet 70g;279;70g (1 kg = 39,86 €)
2025-09-19;1267719;REWE Bio;REWE Bio Hähnchenbrustfilet ca. 320g;1117;1 Stück ca. 320 g (1 kg = 34,90 €)
2025-09-19;1267989;REWE Bio;REWE Bio Hähnchenflügel 480g;384;1 Stück ca. 480 g (1 kg = 7,99 €)
2025-09-19;1268116;REWE Bio;REWE Bio Hähnchengeschnetzeltes gewürzt 300g;567;1 Stück ca. 300 g (1 kg = 18,90 €)
2025-09-19;7581608;REWE Bio;REWE Bio Hähnchenlyoner Paprika 70g;149;70g (1 kg = 21,29 €)
2025-09-19;1267731;REWE Bio;REWE Bio Hähnchenschenkel;894;1 Stück ca. 600 g (1 kg = 14,90 €)
2025-09-19;1267753;REWE Bio;REWE Bio Hähnchenschenkel gewürzt ca. 590g;879;1 Stück ca. 590 g (1 kg = 14,90 €)
2025-09-19;1267860;REWE Bio;REWE Bio Hähnchensteak Hot Pepper;430;1 Stück ca. 240 g (1 kg = 17,90 €)
2025-09-19;7721057;REWE Bio;REWE Bio Ingwer Shot mit Apfelsaft 150ml;129;150ml (1 l = 8,60 €)
2025-09-19;2849977;REWE Bio;REWE Bio Instant-Kaffee 100g;445;100g (1 kg = 44,50 €)
2025-09-19;1994616;REWE Bio;REWE Bio Jagdwurst 70g;149;70g (1 kg = 21,29 €)
2025-09-19;8714247;REWE Bio;REWE Bio Jasminreis weiß 500g;189;500g (1 kg = 3,78 €)
2025-09-19;7173674;REWE Bio;REWE Bio Joghurt Mango 3,8% 150g;59;150g (1 kg = 3,93 €)
2025-09-19;8563309;REWE Bio;REWE Bio Joghurt Mango Vanille 500g;179;500g (1 kg = 3,58 €)
2025-09-19;7210751;REWE Bio;REWE Bio Joghurt Mild 0,1% 500g;99;500g (1 kg = 1,98 €)
2025-09-19;7208641;REWE Bio;REWE Bio Joghurt Mild 1,8% 150g;45;150g (1 kg = 3 €)
2025-09-19;8078338;REWE Bio;REWE Bio Joghurt Mild 1,8% 500g;139;500g (1 kg = 2,78 €)
2025-09-19;7175281;REWE Bio;REWE Bio Joghurt Mild Kokos 3,8% 150g;59;150g (1 kg = 3,93 €)
2025-09-19;784813;REWE Bio;REWE Bio Joghurt Pflaume 150g;59;150g (1 kg = 3,93 €)
2025-09-19;194192;REWE Bio;REWE Bio Joghurt mild 150g;45;150g (1 kg = 3 €)
2025-09-19;8304439;REWE Bio;REWE Bio Joghurt mild 3,8% 500g;139;500g (1 kg = 2,78 €)
2025-09-19;1144899;REWE Bio;REWE Bio Joghurt mild 500g;115;500g (1 kg = 2,30 €)
2025-09-19;784814;REWE Bio;REWE Bio Joghurt mild Bratapfel 150g;59;150g (1 kg = 3,93 €)
2025-09-19;784612;REWE Bio;REWE Bio Joghurt mild Erdbeer-Himbeer 150g;59;150g (1 kg = 3,93 €)
2025-09-19;784809;REWE Bio;REWE Bio Joghurt mild Heidelbeere 150g;59;150g (1 kg = 3,93 €)
2025-09-19;8159150;REWE Bio;REWE Bio Joghurt mild Himbeere 500g;179;500g (1 kg = 3,58 €)
2025-09-19;8896727;REWE Bio;REWE Bio Joghurt mild Pfirsich-Passionsfrucht 150g;59;150g (1 kg = 3,93 €)
2025-09-19;784792;REWE Bio;REWE Bio Joghurt mild Stracciatella 150g;59;150g (1 kg = 3,93 €)
2025-09-19;784616;REWE Bio;REWE Bio Joghurt mild Vanille 150g;59;150g (1 kg = 3,93 €)
2025-09-19;784808;REWE Bio;REWE Bio Joghurt mild Zitrone 150g;59;150g (1 kg = 3,93 €)
2025-09-19;194194;REWE Bio;REWE Bio Joghurt mild fettarm 500g;115;500g (1 kg = 2,30 €)
2025-09-19;8055541;REWE Bio;REWE Bio Joghurt mild mit Heidelbeere-Cassis 500g;179;500g (1 kg = 3,58 €)
2025-09-19;2277758;REWE Bio;REWE Bio Junge Erbsen 450g;189;450g (1 kg = 4,20 €)
2025-09-19;9044344;REWE Bio;REWE Bio Kabanos Salami 90g;239;90g (1 kg = 26,56 €)
2025-09-19;1255627;REWE Bio;REWE Bio Kaffeesahne 10% Fett 165g;109;165g (1 kg = 6,61 €)
2025-09-19;7283403;REWE Bio;REWE Bio Kaisergemüse 450g;189;450g (1 kg = 4,20 €)
2025-09-19;8296586;REWE Bio;REWE Bio Kalamata Oliven ohne Stein 180g;299;180g (1 kg = 16,61 €)
2025-09-19;8109025;REWE Bio;REWE Bio Kamillen Tee 30g;129;30g (1 kg = 43 €)
2025-09-19;9938793;REWE Bio;REWE Bio Kapern Surfines 60g;179;60g (1 kg = 29,83 €)
2025-09-19;7186203;REWE Bio;REWE Bio Karottensaft 0,5l;89;0,50l (1 l = 1,78 €)
2025-09-19;8393848;REWE Bio;REWE Bio Kartoffelpuffer 600g, 10 Stück;399;600g (1 kg = 6,65 €)
2025-09-19;7972072;REWE Bio;REWE Bio Kartoffelpüree vegan 2x80g;199;2x80g (1 kg = 12,44 €)
2025-09-19;8016418;REWE Bio;REWE Bio Kasseler 70g;259;70g (1 kg = 37 €)
2025-09-19;7672023;REWE Bio;REWE Bio Kefir Drink Pfirsich-Mango-Maracuja 500g;119;500g (1 kg = 2,38 €)
2025-09-19;8948382;REWE Bio;REWE Bio Kefir Natur 500g;119;480g (1 kg = 2,48 €)
2025-09-19;8946651;REWE Bio;REWE Bio Kefir Zitrone 500g;119;500g (1 kg = 2,38 €)
2025-09-19;9606223;REWE Bio;REWE Bio Ketchup 500ml;199;500ml (1 l = 3,98 €)
2025-09-19;7055914;REWE Bio;REWE Bio Kichererbsen 215g;115;215g (1 kg = 5,35 €)
2025-09-19;3235642;REWE Bio;REWE Bio Kichererbsen-Kokos-Eintopf 400ml;229;400ml (1 l = 5,73 €)
2025-09-19;7667229;REWE Bio;REWE Bio Kichererbsenchips Meersalz 75g;179;75g (1 kg = 23,87 €)
2025-09-19;8979131;REWE Bio;REWE Bio Kidney-Bohnen 255g;119;255g (1 kg = 4,67 €)
2025-09-19;9897280;REWE Bio;REWE Bio Kinder Pasta aus Hartweizengrieß 500g;99;500g (1 kg = 1,98 €)
2025-09-19;9949578;REWE Bio;REWE Bio Kirschtomaten ganz 400g;89;240g (1 kg = 3,71 €)
2025-09-19;8376955;REWE Bio;REWE Bio Knollensellerie ca. 1kg;299;1 Stück ca. 1000 g (1 kg = 2,99 €)
2025-09-19;8969847;REWE Bio;REWE Bio Kochschinken 100g;289;100g (1 kg = 28,90 €)
2025-09-19;9106275;REWE Bio;REWE Bio Kokosmilch 200ml;99;200ml (1 l = 4,95 €)
2025-09-19;3274843;REWE Bio;REWE Bio Kokosmilch 400ml;149;400ml (1 l = 3,73 €)
2025-09-19;9097569;REWE Bio;REWE Bio Kokosmilch fettreduziert 400ml;149;400ml (1 l = 3,73 €)
2025-09-19;9939316;REWE Bio;REWE Bio Kokoswasser 1l;299;1l
2025-09-19;7730463;REWE Bio;REWE Bio Kokosöl 450ml;379;450ml (1 l = 8,42 €)
2025-09-19;8978058;REWE Bio;REWE Bio Konfitüre Aprikose 330g;169;330g (1 kg = 5,12 €)
2025-09-19;8884075;REWE Bio;REWE Bio Kritharaki Nudeln 500g;169;500g (1 kg = 3,38 €)
2025-09-19;9983676;REWE Bio;REWE Bio Kräuter italienischer Art 20g;199;20g (1 kg = 99,50 €)
2025-09-19;7643892;REWE Bio;REWE Bio Kräuterquark 40% 200g;115;200g (1 kg = 5,75 €)
2025-09-19;8109111;REWE Bio;REWE Bio Kräutertee 35g, 20 Beutel;95;35g (1 kg = 27,14 €)
2025-09-19;8877187;REWE Bio;REWE Bio Kurkuma Shot mit Orangensaft 150ml;129;150ml (1 l = 8,60 €)
2025-09-19;8819370;REWE Bio;REWE Bio Kurkuma gemahlen 45g;299;45g (1 kg = 66,44 €)
2025-09-19;1906432;REWE Bio;REWE Bio Körniger Frischkäse 200g;149;200g (1 kg = 7,45 €)
2025-09-19;198343;REWE Bio;REWE Bio Kürbiskern-Brötchen 300g;289;300g (1 kg = 9,63 €)
2025-09-19;8066943;REWE Bio;REWE Bio Laugen Cracker 100g;139;100g (1 kg = 13,90 €)
2025-09-19;9090204;REWE Bio;REWE Bio Leberwurst fein 125g;199;125g (1 kg = 15,92 €)
2025-09-19;8178294;REWE Bio;REWE Bio Leberwurst mit Kalbfleisch, fein 125g;219;125g (1 kg = 17,52 €)
2025-09-19;7595609;REWE Bio;REWE Bio Leinsamen geschrotet 400g;199;400g (1 kg = 4,98 €)
2025-09-19;1919708;REWE Bio;REWE Bio Leinöl nativ 250ml;299;250ml (1 l = 11,96 €)
2025-09-19;7237532;REWE Bio;REWE Bio Limettensaft 250ml;189;250ml (1 l = 7,56 €)
2025-09-19;8362231;REWE Bio;REWE Bio Linseneintopf 400g;145;400g (1 kg = 3,63 €)
2025-09-19;9847393;REWE Bio;REWE Bio Linseneintopf vegan 800g;279;800g (1 kg = 3,49 €)
2025-09-19;8962009;REWE Bio;REWE Bio Linsenwaffeln mit Meersalz 90g;139;90g (1 kg = 15,44 €)
2025-09-19;1424811;REWE Bio;REWE Bio Lorbeerblätter ganz 5g;199;5g
2025-09-19;8376976;REWE Bio;REWE Bio Maasdamer 200g;239;200g (1 kg = 11,95 €)
2025-09-19;7584527;REWE Bio;REWE Bio Maisflips 80g;99;80g (1 kg = 12,38 €)
2025-09-19;8016170;REWE Bio;REWE Bio Maiswaffeln mit Meersalz 120g;79;120g (1 kg = 6,58 €)
2025-09-19;7988732;REWE Bio;REWE Bio Mandeln 200g;299;200g (1 kg = 14,95 €)
2025-09-19;3402061;REWE Bio;REWE Bio Mango 1 Stück;249;1 Stück
2025-09-19;7244322;REWE Bio;REWE Bio Mango Lassi 250g;99;250g (1 kg = 3,96 €)
2025-09-19;2520600;REWE Bio;REWE Bio Mango Sorbet 500ml;319;500ml (1 l = 6,38 €)
2025-09-19;8873637;REWE Bio;REWE Bio Mango gewürfelt 300g;319;300g (1 kg = 10,63 €)
2025-09-19;9011926;REWE Bio;REWE Bio Marinierte Grüne Oliven 125g;219;125g (1 kg = 17,52 €)
2025-09-19;1026287;REWE Bio;REWE Bio Maronen 100g;299;100g (1 kg = 29,90 €)
2025-09-19;187645;REWE Bio;REWE Bio Maultaschen Rind & Schwein 250g;219;250g (1 kg = 8,76 €)
2025-09-19;7996075;REWE Bio;REWE Bio Mehrkorn Landbrötchen 300g;139;280g (1 kg = 4,96 €)
2025-09-19;198410;REWE Bio;REWE Bio Mehrkorn-Brötchen 300g;279;300g (1 kg = 9,30 €)
2025-09-19;7714953;REWE Bio;REWE Bio Mezze Penne 500g;85;500g (1 kg = 1,70 €)
2025-09-19;7186200;REWE Bio;REWE Bio Milchreis 500g;159;500g (1 kg = 3,18 €)
2025-09-19;8277549;REWE Bio;REWE Bio Mini Berner Würstchen Schwein 185g;349;185g (1 kg = 18,86 €)
2025-09-19;2885813;REWE Bio;REWE Bio Mini Cherry Rispentomaten 250g;389;250g (1 kg = 15,56 €)
2025-09-19;8831096;REWE Bio;REWE Bio Mini Mozzarella 125g;149;125g (1 kg = 11,92 €)
2025-09-19;8498663;REWE Bio;REWE Bio Mini-Kartoffel-Taschen 300g;329;300g (1 kg = 10,97 €)
2025-09-19;200385;REWE Bio;REWE Bio Mozzarella 125g;129;125g (1 kg = 10,32 €)
2025-09-19;1424821;REWE Bio;REWE Bio Muskatnuss 12,5g;299;12,50g (1 kg = 239,20 €)
2025-09-19;8777278;REWE Bio;REWE Bio Möhrchen 330g;139;330g (1 kg = 4,21 €)
2025-09-19;2588140;REWE Bio;REWE Bio Möhren 1kg;179;1kg
2025-09-19;8427501;REWE Bio;REWE Bio Natives Olivenöl 750ml;695;750ml (1 l = 9,27 €)
2025-09-19;9854156;REWE Bio;REWE Bio Natives Olivenöl extra 500ml;849;500ml
2025-09-19;7816381;REWE Bio;REWE Bio Naturland 5 Korn Müsli 750g;179;750g (1 kg = 2,39 €)
2025-09-19;8928743;REWE Bio;REWE Bio Naturland Basmatireis 1kg;379;1kg
2025-09-19;8890687;REWE Bio;REWE Bio Naturland Bergkäse 50% 200g;269;200g (1 kg = 13,45 €)
2025-09-19;8670061;REWE Bio;REWE Bio Naturland Black Tiger Garnelen 256g;779;256g (1 kg = 30,43 €)
2025-09-19;7618383;REWE Bio;REWE Bio Naturland Blütenhonig Cremig 500g;389;500g (1 kg = 7,78 €)
2025-09-19;8757063;REWE Bio;REWE Bio Naturland Bunter Pfeffer Mühle 40g;349;40g (1 kg = 87,25 €)
2025-09-19;7659374;REWE Bio;REWE Bio Naturland Cashewmus 250g;599;250g (1 kg = 23,96 €)
2025-09-19;7682555;REWE Bio;REWE Bio Naturland Dinkel Früchte Müsli 500g;299;500g (1 kg = 5,98 €)
2025-09-19;8894154;REWE Bio;REWE Bio Naturland Fusilli 500g;85;500g (1 kg = 1,70 €)
2025-09-19;8956226;REWE Bio;REWE Bio Naturland Kartoffel Wedges 600g;269;600g (1 kg = 4,48 €)
2025-09-19;8915125;REWE Bio;REWE Bio Naturland Kesselchips Meersalz 125g;199;125g (1 kg = 15,92 €)
2025-09-19;7692953;REWE Bio;REWE Bio Naturland Kesselchips Paprika 125g;199;125g (1 kg = 15,92 €)
2025-09-19;8966039;REWE Bio;REWE Bio Naturland Knusperknäcke Käse & Kürbiskern 200g;219;200g (1 kg = 10,95 €)
2025-09-19;7794483;REWE Bio;REWE Bio Naturland Kokosblütenzucker 250g;399;250g (1 kg = 15,96 €)
2025-09-19;7794739;REWE Bio;REWE Bio Naturland Korianderkraut gerebelt 17g;229;17g (1 kg = 134,71 €)
2025-09-19;8753852;REWE Bio;REWE Bio Naturland Kreuzkümmel gemahlen 45g;239;40g (1 kg = 53,11 €)
2025-09-19;8758993;REWE Bio;REWE Bio Naturland Kümmel ganz 60g;229;60g (1 kg = 38,17 €)
2025-09-19;7585947;REWE Bio;REWE Bio Naturland Lachsschinken 70g;279;70g (1 kg = 39,86 €)
2025-09-19;8972250;REWE Bio;REWE Bio Naturland Linguine 500g;85;500g (1 kg = 1,70 €)
2025-09-19;8750795;REWE Bio;REWE Bio Naturland Meersalz jodiert 200g;199;200g (1 kg = 9,95 €)
2025-09-19;7668982;REWE Bio;REWE Bio Naturland Münchner Weisswurst 280g;339;280g (1 kg = 12,11 €)
2025-09-19;8760317;REWE Bio;REWE Bio Naturland Oregano gerebelt 17g;229;15g (1 kg = 152,67 €)
2025-09-19;8758523;REWE Bio;REWE Bio Naturland Paprika edelsüß 45g;269;45g (1 kg = 59,78 €)
2025-09-19;8749162;REWE Bio;REWE Bio Naturland Roggen Vollkorn Mehl 1000g;139;1000g
2025-09-19;959592;REWE Bio;REWE Bio Naturland Schokoladen Eiscreme 500ml;319;500ml (1 l = 6,38 €)
2025-09-19;8757512;REWE Bio;REWE Bio Naturland Schwarzer Pfeffer ganz 70g;299;60g (1 kg = 49,83 €)
2025-09-19;8819950;REWE Bio;REWE Bio Naturland Schwarzkümmel ganz 60g;229;60g (1 kg = 38,17 €)
2025-09-19;7602709;REWE Bio;REWE Bio Naturland Schweinebraten 80g;279;80g (1 kg = 34,88 €)
2025-09-19;8822896;REWE Bio;REWE Bio Naturland Spaghetti Vollkorn 500g;85;500g (1 kg = 1,70 €)
2025-09-19;8679654;REWE Bio;REWE Bio Naturland Tomatensauce Arrabbiata 350g;189;345g (1 kg = 5,48 €)
2025-09-19;8680956;REWE Bio;REWE Bio Naturland Tomatensauce Kräuter 350g;189;350g (1 kg = 5,40 €)
2025-09-19;7843639;REWE Bio;REWE Bio Naturland Tomatensauce Ricotta 350g;189;350g (1 kg = 5,40 €)
2025-09-19;7690011;REWE Bio;REWE Bio Naturland Tortelloni Tomate Mozzarella 250g;219;250g (1 kg = 8,76 €)
2025-09-19;959591;REWE Bio;REWE Bio Naturland Vanille Eiscreme 500ml;319;500ml (1 l = 6,38 €)
2025-09-19;7662154;REWE Bio;REWE Bio Naturland Vollkorn Knusperknäcke 200g;219;200g (1 kg = 10,95 €)
2025-09-19;7850536;REWE Bio;REWE Bio Naturland White Tiger Garnelen 256g;779;256g (1 kg = 30,43 €)
2025-09-19;7794367;REWE Bio;REWE Bio Naturland Zimt gemahlen 30g;269;30g (1 kg = 89,67 €)
2025-09-19;7718265;REWE Bio;REWE Bio Naturland Zitronenschale gerieben 5g;99;2x5g (1 kg = 99 €)
2025-09-19;7660983;REWE Bio;REWE Bio Naturland weißes Mandelmus vegan 250g;699;250g (1 kg = 27,96 €)
2025-09-19;8032052;REWE Bio;REWE Bio Naturreis Spitzen-Langkorn 1kg;259;1kg
2025-09-19;7795278;REWE Bio;REWE Bio Nelken ganz 30g;229;30g (1 kg = 76,33 €)
2025-09-19;1004052;REWE Bio;REWE Bio Nuss-Nougat-Creme 400g;299;400g (1 kg = 7,48 €)
2025-09-19;7640370;REWE Bio;REWE Bio Nusssterne vegan 125g;399;125g (1 kg = 31,92 €)
2025-09-19;7645532;REWE Bio;REWE Bio Orange Schokolade vegan 100g;185;100g (1 kg = 18,50 €)
2025-09-19;8017548;REWE Bio;REWE Bio Orangen 1kg im Netz;549;1kg
2025-09-19;8621478;REWE Bio;REWE Bio Orangensaft 1l;349;1l
2025-09-19;7717266;REWE Bio;REWE Bio Orangenschale gerieben 2x5g;99;2x5g (1 kg = 99 €)
2025-09-19;333139;REWE Bio;REWE Bio Original Nürnberger Rostbratwürstchen 8 Stück 160g;349;160g (1 kg = 21,81 €)
2025-09-19;9897677;REWE Bio;REWE Bio Paprika spitz rot 180g;279;180g (1 kg = 15,50 €)
2025-09-19;8683343;REWE Bio;REWE Bio Parmigiano Reggiano 150g;449;150g (1 kg = 29,93 €)
2025-09-19;8986815;REWE Bio;REWE Bio Party Garnelen 80g;249;80g (1 kg = 31,13 €)
2025-09-19;294936;REWE Bio;REWE Bio Passata passierte Tomaten 700g;159;700g (1 kg = 2,27 €)
2025-09-19;9922622;REWE Bio;REWE Bio Passierte Tomaten 500g;69;500g (1 kg = 1,38 €)
2025-09-19;7713655;REWE Bio;REWE Bio Penne Vollkorn 500g;85;500g (1 kg = 1,70 €)
2025-09-19;8488972;REWE Bio;REWE Bio Pesto Rosso 130g;249;130g (1 kg = 19,15 €)
2025-09-19;8486583;REWE Bio;REWE Bio Pesto Verde vegan 130g;249;130g (1 kg = 19,15 €)
2025-09-19;184650;REWE Bio;REWE Bio Petersilie 50g;99;50g (1 kg = 19,80 €)
2025-09-19;577536;REWE Bio;REWE Bio Pfeffer Mühle schwarz ganz 45g;349;45g (1 kg = 77,56 €)
2025-09-19;1007026;REWE Bio;REWE Bio Pfefferminztee 30g, 20 Beutel;129;30g (1 kg = 43 €)
2025-09-19;7690775;REWE Bio;REWE Bio Pfeffernüsse glasiert und schokoliert vegan 125g;399;150g (1 kg = 26,60 €)
2025-09-19;7055254;REWE Bio;REWE Bio Pfeffersalami 70g;189;70g (1 kg = 27 €)
2025-09-19;81957;REWE Bio;REWE Bio Pflaumen rot 500g;349;500g (1 kg = 6,98 €)
2025-09-19;7270210;REWE Bio;REWE Bio Polenta 500g;129;500g (1 kg = 2,58 €)
2025-09-19;198686;REWE Bio;REWE Bio Pommes Frites 750g;299;750g (1 kg = 3,99 €)
2025-09-19;8468711;REWE Bio;REWE Bio Porridge Beere 500g;299;500g (1 kg = 5,98 €)
2025-09-19;8471116;REWE Bio;REWE Bio Porridge Kakao 500g;299;500g (1 kg = 5,98 €)
2025-09-19;8634332;REWE Bio;REWE Bio Portionen vom Lachsfilet 250g;799;250g (1 kg = 31,96 €)
2025-09-19;1032440;REWE Bio;REWE Bio Pumpernickel 250g;109;250g (1 kg = 4,36 €)
2025-09-19;1268095;REWE Bio;REWE Bio Putengeschnetzeltes ca. 350g;1222;1 Stück ca. 350 g (1 kg = 34,90 €)
2025-09-19;1268110;REWE Bio;REWE Bio Putengulasch aus der Oberkeule 300g;567;1 Stück ca. 300 g (1 kg = 18,90 €)
2025-09-19;1267901;REWE Bio;REWE Bio Putenmedaillons ca. 320g;1117;1 Stück ca. 320 g (1 kg = 34,90 €)
2025-09-19;1267789;REWE Bio;REWE Bio Putenschnitzel ca. 350g;1222;1 Stück ca. 350 g (1 kg = 34,90 €)
2025-09-19;9011827;REWE Bio;REWE Bio Quetschie Apfel-Banane-Kirsche 90g;59;90g (1 kg = 6,56 €)
2025-09-19;9011138;REWE Bio;REWE Bio Quetschie Apfel-Erdbeer-Heidelbeere 90g;59;90g (1 kg = 6,56 €)
2025-09-19;7997796;REWE Bio;REWE Bio Quetschie Apfel-Pfirsich-Mango 90g;59;90g (1 kg = 6,56 €)
2025-09-19;2695741;REWE Bio;REWE Bio Quinoa Tricolore 500g;229;500g
2025-09-19;9029547;REWE Bio;REWE Bio Quinoa Weiß 500g;229;500g (1 kg = 4,58 €)
2025-09-19;871212;REWE Bio;REWE Bio Rahmspinat 450g;169;450g (1 kg = 3,76 €)
2025-09-19;201435;REWE Bio;REWE Bio Rapsöl nativ 500ml;165;500ml (1 l = 3,30 €)
2025-09-19;7823085;REWE Bio;REWE Bio Reinweinstein Backpulver vegan 4x16g;89;4x16g (1 kg = 13,91 €)
2025-09-19;8094126;REWE Bio;REWE Bio Reiswaffeln Vollmilch 100g;169;100g (1 kg = 16,90 €)
2025-09-19;8281895;REWE Bio;REWE Bio Reiswaffeln Zartbitter 100g;169;100g (1 kg = 16,90 €)
2025-09-19;7293092;REWE Bio;REWE Bio Rhabarber-Schorle 0,75l;199;0,75l (1 l = 2,65 €)
2025-09-19;1287075;REWE Bio;REWE Bio Rinder Entrecôte 170g;899;1 Stück ca. 170 g (1 kg = 52,90 €)
2025-09-19;8588468;REWE Bio;REWE Bio Rinder Fond 400ml;219;400ml (1 l = 5,48 €)
2025-09-19;1287126;REWE Bio;REWE Bio Rinder Rumpsteak ca. 240g;1390;1 Stück ca. 240 g (1 kg = 57,90 €)
2025-09-19;8179779;REWE Bio;REWE Bio Rinder-Minutensteaks 200g;998;1 Stück ca. 200 g (1 kg = 49,90 €)
2025-09-19;9020606;REWE Bio;REWE Bio Rinderbrühe 140g;139;140g (1 kg = 9,93 €)
2025-09-19;2067249;REWE Bio;REWE Bio Rinderfilet 260g;1999;1 Stück ca. 260 g (1 kg = 76,90 €)
2025-09-19;1287098;REWE Bio;REWE Bio Rindergulasch aus der Keule ca. 530g;2062;1 Stück ca. 530 g (1 kg = 38,90 €)
2025-09-19;1987678;REWE Bio;REWE Bio Rinderhackfleisch 250g;569;250g (1 kg = 22,76 €)
2025-09-19;1287072;REWE Bio;REWE Bio Rinderhackfleisch 400g;899;400g (1 kg = 22,48 €)
2025-09-19;2067251;REWE Bio;REWE Bio Rinderhüftsteak 200g;1098;1 Stück ca. 200 g (1 kg = 54,90 €)
2025-09-19;1041181;REWE Bio;REWE Bio Rispentomaten 500g;349;500g (1 kg = 6,98 €)
2025-09-19;321145;REWE Bio;REWE Bio Roggenbrötchen 6 Stück 420g;229;420g (1 kg = 5,45 €)
2025-09-19;8029790;REWE Bio;REWE Bio Roggenvollkornbrot 500g;219;500g (1 kg = 4,38 €)
2025-09-19;8849805;REWE Bio;REWE Bio Rohrrohrzucker 1kg;269;1kg
2025-09-19;8091575;REWE Bio;REWE Bio Rosenkohl 300g;239;300g (1 kg = 7,97 €)
2025-09-19;204052;REWE Bio;REWE Bio Rostbratwurst 200g;309;200g (1 kg = 15,45 €)
2025-09-19;7180293;REWE Bio;REWE Bio Rote Bete gekocht 500g;169;500g (1 kg = 3,38 €)
2025-09-19;1011521;REWE Bio;REWE Bio Rote Bete-Scheiben 220g;109;220g (1 kg = 4,95 €)
2025-09-19;7547310;REWE Bio;REWE Bio Rote Linsen 500g;165;500g
2025-09-19;999612;REWE Bio;REWE Bio Rote-Bete-Saft 0,5l;89;0,50l (1 l = 1,78 €)
2025-09-19;2179945;REWE Bio;REWE Bio Rucola 80g;139;80g (1 kg = 17,38 €)
2025-09-19;187784;REWE Bio;REWE Bio Räucherlachs Salmo salar 100g;499;100g (1 kg = 49,90 €)
2025-09-19;297368;REWE Bio;REWE Bio Röstkaffee gemahlen 500g;825;500g (1 kg = 16,50 €)
2025-09-19;1346542;REWE Bio;REWE Bio Rückensteak Kräuter ca. 260g;777;1 Stück ca. 260 g (1 kg = 29,90 €)
2025-09-19;206057;REWE Bio;REWE Bio Salami 70g;175;70g (1 kg = 25 €)
2025-09-19;7778921;REWE Bio;REWE Bio Salamisticks classic 60g;229;60g (1 kg = 38,17 €)
2025-09-19;2054423;REWE Bio;REWE Bio Salbeitee 30g, 20 Beutel;149;30g (1 kg = 49,67 €)
2025-09-19;9021995;REWE Bio;REWE Bio Sauce Hollandaise 340g;199;340g (1 kg = 5,85 €)
2025-09-19;9911420;REWE Bio;REWE Bio Sauerkirsche 330g;169;330g (1 kg = 5,12 €)
2025-09-19;7185307;REWE Bio;REWE Bio Sauerkrautsaft mit Meersalz 0,5l;99;0,50l (1 l = 1,98 €)
2025-09-19;194191;REWE Bio;REWE Bio Saure Sahne 200g;85;200g (1 kg = 4,25 €)
2025-09-19;7232641;REWE Bio;REWE Bio Schafjoghurt 5% 125g;85;125g (1 kg = 6,80 €)
2025-09-19;8130039;REWE Bio;REWE Bio Schafkäse mild 120g;339;120g (1 kg = 28,25 €)
2025-09-19;7568160;REWE Bio;REWE Bio Schalotten 200g im Netz;179;200g (1 kg = 8,95 €)
2025-09-19;9104010;REWE Bio;REWE Bio Schinkenwurst 100g;145;100g (1 kg = 14,50 €)
2025-09-19;9069096;REWE Bio;REWE Bio Schinkenwürfel 100g;249;100g (1 kg = 24,90 €)
2025-09-19;194185;REWE Bio;REWE Bio Schlagsahne 200g;119;200g (1 kg = 5,95 €)
2025-09-19;9014698;REWE Bio;REWE Bio Schlagsahne 30% 500g;299;500g (1 kg = 5,98 €)
2025-09-19;850243;REWE Bio;REWE Bio Schmand 150g;99;150g (1 kg = 6,60 €)
2025-09-19;9028097;REWE Bio;REWE Bio Schnittkäse mit Bockshornklee 150g;259;150g (1 kg = 17,27 €)
2025-09-19;184645;REWE Bio;REWE Bio Schnittlauch 50g;99;50g (1 kg = 19,80 €)
2025-09-19;974662;REWE Bio;REWE Bio Schokomüsli 500g;219;500g (1 kg = 4,38 €)
2025-09-19;8755657;REWE Bio;REWE Bio Schwarzer Pfeffer gemahlen 45g;269;45g (1 kg = 59,78 €)
2025-09-19;7822905;REWE Bio;REWE Bio Schwarzer Tee 35g, 20 Beutel;95;35g (1 kg = 27,14 €)
2025-09-19;9601863;REWE Bio;REWE Bio Schwarzwälder Schinken 80g;349;80g (1 kg = 43,63 €)
2025-09-19;1475953;REWE Bio;REWE Bio Schweine Hackfleisch 300g;649;300g (1 kg = 21,63 €)
2025-09-19;1287057;REWE Bio;REWE Bio Schweine Minutensteaks;628;1 Stück ca. 210 g (1 kg = 29,90 €)
2025-09-19;1287061;REWE Bio;REWE Bio Schweine Nackensteaks 500g;1245;1 Stück ca. 500 g (1 kg = 24,90 €)
2025-09-19;1287067;REWE Bio;REWE Bio Schweine Schnitzel ca. 300g;987;1 Stück ca. 300 g (1 kg = 32,90 €)
2025-09-19;1287106;REWE Bio;REWE Bio Schweine Stielkotelett;1145;1 Stück ca. 500 g (1 kg = 22,90 €)
2025-09-19;1346548;REWE Bio;REWE Bio Schweine-Bauchscheiben;398;1 Stück ca. 200 g (1 kg = 19,90 €)
2025-09-19;1346532;REWE Bio;REWE Bio Schweine-Nackensteaks Paprika 2 Stück;779;1 Stück ca. 340 g (1 kg = 22,90 €)
2025-09-19;1346540;REWE Bio;REWE Bio Schweine-Rückensteak Paprika 2 Stück;807;1 Stück ca. 270 g (1 kg = 29,90 €)
2025-09-19;1287122;REWE Bio;REWE Bio Schweinefilet 260g;855;1 Stück ca. 260 g (1 kg = 32,90 €)
2025-09-19;1409704;REWE Bio;REWE Bio Selleriesalat 190g;109;190g (1 kg = 5,74 €)
2025-09-19;7996293;REWE Bio;REWE Bio Sesam ungeschält 500g;269;500g (1 kg = 5,38 €)
2025-09-19;7923194;REWE Bio;REWE Bio Sesamöl Nativ 250ml;375;250ml (1 l = 15 €)
2025-09-19;8341536;REWE Bio;REWE Bio Soja-Sauce;299;250ml (1 l = 11,96 €)
2025-09-19;8420409;REWE Bio;REWE Bio Sonnenblumenkerne 500g;179;500g (1 kg = 3,58 €)
2025-09-19;201433;REWE Bio;REWE Bio Sonnenblumenöl nativ 500ml;139;500ml (1 l = 2,78 €)
2025-09-19;371375;REWE Bio;REWE Bio Sonnenmais 140g;89;140g (1 kg = 6,36 €)
2025-09-19;8365010;REWE Bio;REWE Bio Spaghetti Dinkel 500g;165;500g (1 kg = 3,30 €)
2025-09-19;9895130;REWE Bio;REWE Bio Spaghetti Hartweizen 500g;85;500g (1 kg = 1,70 €)
2025-09-19;2550532;REWE Bio;REWE Bio Speisekartoffeln Drillinge 650g;269;650g (1 kg = 4,14 €)
2025-09-19;8385056;REWE Bio;REWE Bio Speisequark 40% Fett i.Tr. 250g;119;250g (1 kg = 4,76 €)
2025-09-19;3068788;REWE Bio;REWE Bio Speisequark Magerstufe 250g;109;250g (1 kg = 4,36 €)
2025-09-19;194183;REWE Bio;REWE Bio Speisequarkzubereitung Halbfettstufe 250g;129;250g (1 kg = 5,16 €)
2025-09-19;194184;REWE Bio;REWE Bio Speisequarkzubereitung Magerstufe 250g;119;250g (1 kg = 4,76 €)
2025-09-19;7167047;REWE Bio;REWE Bio Sprossen Trio 100g;149;100g (1 kg = 14,90 €)
2025-09-19;9950236;REWE Bio;REWE Bio Steinofenbaguette Kernig 250g;139;250g (1 kg = 5,56 €)
2025-09-19;9945530;REWE Bio;REWE Bio Steinofenbaguette Weizen 250g;139;250g (1 kg = 5,56 €)
2025-09-19;7714736;REWE Bio;REWE Bio Streichgut ungesalzen 200g;259;200g (1 kg = 12,95 €)
2025-09-19;7829122;REWE Bio;REWE Bio Stremellachs Natur 100g;499;100g (1 kg = 49,90 €)
2025-09-19;4905385;REWE Bio;REWE Bio Sultaninen 200g;149;200g (1 kg = 7,45 €)
2025-09-19;7171851;REWE Bio;REWE Bio Suppengrün 400g;249;400g (1 kg = 6,23 €)
2025-09-19;577767;REWE Bio;REWE Bio Suppengrün 75g;99;75g (1 kg = 13,20 €)
2025-09-19;559003;REWE Bio;REWE Bio Süßrahmbutter 250g;299;250g (1 kg = 11,96 €)
2025-09-19;8961375;REWE Bio;REWE Bio Tahini Sesammus 300g;389;300g (1 kg = 12,97 €)
2025-09-19;9894541;REWE Bio;REWE Bio Tapas Grüne Peperoni mit Frischkäse 120g;199;120g (1 kg = 16,58 €)
2025-09-19;8109557;REWE Bio;REWE Bio Thymian gerebelt 25g;229;20g (1 kg = 114,50 €)
2025-09-19;8881697;REWE Bio;REWE Bio Tilsiter Scheiben 150g;199;150g (1 kg = 13,27 €)
2025-09-19;304588;REWE Bio;REWE Bio Tomaten-Gemüsesaft mit Meersalz 1l;179;1l
2025-09-19;201400;REWE Bio;REWE Bio Tomatenketchup 500ml;199;500ml (1 l = 3,98 €)
2025-09-19;7129194;REWE Bio;REWE Bio Tomatenmark 200g;95;200g (1 kg = 4,75 €)
2025-09-19;304587;REWE Bio;REWE Bio Tomatensaft mit Meersalz 1l;189;1l
2025-09-19;9852967;REWE Bio;REWE Bio Tomatensuppe vegan 400g;199;400g (1 kg = 4,98 €)
2025-09-19;187641;REWE Bio;REWE Bio Tortelloni Käse-Kräuter 250g;219;250g (1 kg = 8,76 €)
2025-09-19;8960250;REWE Bio;REWE Bio Tortiglioni 500g;85;500g (1 kg = 1,70 €)
2025-09-19;9949902;REWE Bio;REWE Bio Tortilla Chips gesalzen 125g;129;125g (1 kg = 10,32 €)
2025-09-19;877993;REWE Bio;REWE Bio Traubensaft Direktsaft 1l;229;1l
2025-09-19;8041125;REWE Bio;REWE Bio Vanille Pudding 35g;249;3x35g (1 kg = 23,71 €)
2025-09-19;8891488;REWE Bio;REWE Bio Vitalgebäck mit Sonnenblumenkernen 200g;279;200g (1 kg = 13,95 €)
2025-09-19;7652218;REWE Bio;REWE Bio Vollkorn Brötchen 340g;219;340g (1 kg = 6,44 €)
2025-09-19;271876;REWE Bio;REWE Bio Vollkorn-Semmelbrösel 200g;99;200g (1 kg = 4,95 €)
2025-09-19;8962703;REWE Bio;REWE Bio Vollkornbaguette 300g;239;300g (1 kg = 7,97 €)
2025-09-19;8758695;REWE Bio;REWE Bio Wacholderbeeren ganz 35g;229;35g (1 kg = 65,43 €)
2025-09-19;7682644;REWE Bio;REWE Bio Wachsbrechbohnen 185g;119;185g (1 kg = 6,43 €)
2025-09-19;9028661;REWE Bio;REWE Bio Waldhonig 250g;269;250g (1 kg = 10,76 €)
2025-09-19;8011859;REWE Bio;REWE Bio Walnusskerne 200g;299;200g (1 kg = 14,95 €)
2025-09-19;8584453;REWE Bio;REWE Bio Weihnachts-Lebkuchen-Herzen vegan 240g;499;240g (1 kg = 20,79 €)
2025-09-19;7903056;REWE Bio;REWE Bio Weihnachts-Mini-Elisen Glasiert 150g;499;150g (1 kg = 33,27 €)
2025-09-19;8585159;REWE Bio;REWE Bio Weihnachts-Oblaten-Lebkuchen 200g;499;200g (1 kg = 24,95 €)
2025-09-19;8444009;REWE Bio;REWE Bio Weizen Landbrötchen 280g;139;250g (1 kg = 5,56 €)
2025-09-19;3100598;REWE Bio;REWE Bio Weizen-Vollkornmehl 1kg;99;1000g
2025-09-19;7621838;REWE Bio;REWE Bio Weizenmehl Type 1050 1kg;99;1000g
2025-09-19;204042;REWE Bio;REWE Bio Wiener Würstchen 200g;329;200g (1 kg = 16,45 €)
2025-09-19;2937503;REWE Bio;REWE Bio Wiener Würstchen 250g;399;250g (1 kg = 15,96 €)
2025-09-19;9024701;REWE Bio;REWE Bio Wurst Paprika Lyoner 100g;149;100g (1 kg = 14,90 €)
2025-09-19;2561874;REWE Bio;REWE Bio Ziegenfrischkäse 150g;239;150g (1 kg = 15,93 €)
2025-09-19;7010182;REWE Bio;REWE Bio Ziegenfrischkäse in Kräutermarinade mit rosa Pfeffer 100g;199;100g (1 kg = 19,90 €)
2025-09-19;8222704;REWE Bio;REWE Bio Ziegenkäse mild 120g;339;120g (1 kg = 28,25 €)
2025-09-19;43657;REWE Bio;REWE Bio Zitrone 1 Stück;129;1 Stück
2025-09-19;7589883;REWE Bio;REWE Bio Zitrone 500g im Netz;299;500g (1 kg = 5,98 €)
2025-09-19;535509;REWE Bio;REWE Bio Zitronen Sorbet 500ml;319;500ml (1 l = 6,38 €)
2025-09-19;8488920;REWE Bio;REWE Bio Zitronensaft Direktsaft 250ml;169;250ml (1 l = 6,76 €)
2025-09-19;8878368;REWE Bio;REWE Bio Zitronenwürze 200ml;79;200ml (1 l = 3,95 €)
2025-09-19;8919738;REWE Bio;REWE Bio Zwiebeln rot 500g;179;500g (1 kg = 3,58 €)
2025-09-19;8470738;REWE Bio;REWE Bio getrocknete Tomaten 180g;269;180g (1 kg = 14,94 €)
2025-09-19;8974655;REWE Bio;REWE Bio schwarze Olivencreme 190g;199;190g (1 kg = 10,47 €)
2025-09-19;3011204;REWE Bio;REWE Bio zarte Haferflocken 500g;85;500g (1 kg = 1,70 €)
